2492 4092
286 1476 417 1536 XO.

291 1816 406 1874 KP.

1103 317 1425 362 ΕΥΡΙΠΙΔΟΥ

450 455 564 535 ἐγὼ
594 457 649 517 δ’
680 457 907 535 ἔρημος,
942 455 1151 518 ἄπολις
1181 454 1311 515 οὖα)
1341 454 1651 533 ὑβρίζομαι
1802 502 1805 505 2

450 539 594 621 πρὸς
624 539 849 620 ἀνδρὸς,
887 541 950 602 ἐκ
979 542 1086 618 γῆς
1112 539 1424 618 βαρβάρου
1452 538 1808 623 λελῃσμένη,

452 627 519 689 οὗ
548 623 764 704 μητέρ’,
800 626 903 687 οὐκ
934 624 1214 702 ἀδελφὸν,
1252 623 1383 704 οὐχὶ
1415 625 1673 703 συγγενῆ

449 712 919 789 μεθορμίσασθαι
949 709 1116 784 τῆσδ’
1149 708 1374 788 ἔχουσα
1404 710 1726 788 συμφορᾶς.

453 799 739 857 τοσοῦτον
767 792 870 856 οὖν
899 818 1010 857 σου
1037 790 1353 873 τυγχάνειν
1379 790 1775 871 βουλήσομαι,

452 879 526 956 ἤν
552 903 651 958 μοι
682 878 859 958 πόρος
887 904 977 944 τις
1005 877 1239 958 μηχανή
1270 877 1321 939 τ’
1354 876 1643 961 ἑξευρεθῇ,

453 964 632 1026 πόσιν
660 963 825 1041 δίκην
852 966 1021 1025 τῶνδ’
1055 964 1466 1025 ἆντιτίσασθαι
1496 966 1685 1024 κακῶν

455 1047 557 1112 τὸν
584 1049 763 1111 δόντα
791 1048 844 1107 τ’
876 1046 1028 1131 αὐτῷ
1062 1047 1340 1126 θυγατέρ’
1369 1047 1442 1123 ἥν
1470 1048 1524 1107 τ’
1556 1043 1837 1124 ἐγήματο,

455 1135 648 1213 σιγᾶν.
739 1132 885 1210 γυνὴ
912 1134 1023 1211 γὰρ
1052 1134 1245 1194 τᾶλλα
1272 1133 1382 1210 μὲν
1412 1133 1609 1211 φόβου
1638 1131 1814 1199 πλέα,

455 1215 597 1294 κακὴ
628 1220 681 1278 δ’
715 1218 774 1280 ἐς
805 1215 992 1293 ἀλκὴν
1022 1218 1114 1278 καὶ
1143 1217 1385 1295 σίδηρον
1415 1217 1671 1295 εἰσορᾶν·

454 1304 595 1365 ὅταν
623 1304 676 1363 δ’
709 1303 767 1366 ές
799 1299 968 1377 εὗνην
995 1300 1308 1380 ἠδικημένη
1340 1302 1505 1386 κυρῇ,

454 1386 556 1450 σῦκ
586 1386 750 1451 ἔστιν
778 1386 934 1462 ἄλλη
966 1384 1121 1465 φρην
1147 1385 1598 1466 μιαιφονωτέρα.

454 1471 648 1551 δράσω
678 1470 824 1534 τάδ’·
870 1473 1103 1536 ἐνδίκως
1130 1472 1243 1549 γὰρ
1272 1471 1488 1533 ἐκτίσει
1516 1473 1714 1540 πόσιν,

459 1559 709 1633 Μήδεια.
796 1560 1031 1620 πενθεῖν
1059 1554 1113 1616 δ’
1143 1555 1213 1616 οὔ
1244 1580 1317 1615 σε
1346 1552 1613 1632 θαυμάζω
1643 1556 1842 1634 τύχας.

458 1643 570 1719 ὁρῶ
601 1645 665 1704 δὲ
695 1640 792 1703 καὶ
822 1641 1102 1717 Κρέοντα,
1131 1640 1301 1714 τῆσδ’
1331 1639 1551 1702 ἄνακτα
1579 1641 1706 1716 γῆς,

459 1727 790 1805 στείχοντα,
827 1729 1040 1787 καινῶν
1068 1722 1327 1802 ἄγγελον
1353 1720 1790 1799 βουλευμάτων

457 1811 528 1871 σὲ
556 1832 662 1883 την
694 1807 1037 1886 σκυθρωπὸν
1066 1809 1161 1868 καὶ
1191 1807 1368 1868 πόσει
1398 1804 1777 1884 θυμουμένην,

459 1890 743 1968 Μήδειαν,
780 1892 947 1955 εἶπον
975 1894 1156 1966 τῆσδε
1183 1893 1293 1969 γῆς
1323 1889 1433 1966 ἔξω
1465 1893 1648 1970 περᾶν

460 1975 713 2057 φυγάδα,
742 1981 1053 2051 λαβοῦσαν
1083 1978 1264 2038 δισσὰ
1293 1976 1405 2039 συν
1433 1976 1620 2060 σαυτῇ
1651 1974 1842 2054 τ’έκνα,

462 2065 555 2126 καὶ
582 2060 661 2141 μή
692 2089 748 2126 τι
774 2061 1045 2140 μέλλειν·
1091 2061 1167 2125 ὣς
1199 2061 1313 2140 ἐγω
1343 2061 1606 2139 βραβεὺς
1634 2063 1821 2140 λόγου

462 2147 613 2225 τοῦδ’
647 2150 782 2238 εἰμὶ,
816 2147 953 2211 κούκ
983 2149 1184 2225 ἄπειμι
1213 2144 1358 2226 πρὸς
1387 2149 1598 2225 δόμους
1627 2145 1826 2224 πάλιν,

460 2235 597 2313 πρὶν
625 2233 696 2296 ἄν
726 2258 799 2298 σε
826 2234 996 2313 γαίας
1024 2233 1321 2311 τερμόνων
1349 2230 1463 2307 ἔξω
1490 2231 1683 2310 βάλω.

296 2324 444 2380 ΜΗ.
459 2323 603 2381 αἰαῖ·
646 2318 922 2393 πανώλης
950 2318 987 2394 ἦ
1017 2316 1245 2378 τάλαιν’
1279 2317 1633 2392 ἀπόλλυμαι.

465 2403 662 2481 ἐχθροὶ
690 2403 801 2479 γὰρ
832 2400 1023 2476 ἐξιᾶσι
1052 2399 1243 2462 πάντα
1271 2400 1343 2474 δὴ
1373 2400 1588 2468 κάλων,

345 2546 354 2551 ,
462 2510 600 2548 κουκ
630 2487 793 2547 ἔστιν
822 2509 961 2559 ατης
993 2484 1414 2560 εὖπρόσοιστος
1444 2482 1712 2557 ἔκβασις.

300 2747 419 2805 KP.

407 2898 420 2909 „
465 2823 545 2903 μή
574 2826 680 2903 μοί
703 2848 757 2885 τι
789 2822 1004 2904 δράσῃς
1034 2820 1190 2883 παῖδ’
1224 2819 1546 2896 ἀνήκεστον
1577 2846 1649 2882 κα
1685 2819 1775 2881 όν.

469 2907 874 2987 ξυμβάλλεται
904 2911 967 2970 δὲ
996 2910 1196 2971 πολλὰ
1224 2912 1395 2969 τοῦδε
1423 2908 1515 2969 δεί
1693 2926 1708 2944 ·

470 2993 631 3074 σοφὴ
663 2992 925 3073 πέφυκας
956 2992 1048 3054 καὶ
1079 2996 1270 3052 κακῶν
1298 3015 1375 3052 πο
1592 2995 1731 3068 δρις,

466 3082 645 3140 λυπεῖ
669 3081 733 3140 δὲ
759 3077 1015 3156 λέκτρων
1044 3073 1306 3151 ἆνδρὸς’
1415 3074 1650 3151 ρημένη.

472 3163 626 3223 κλύω
657 3162 707 3221 δ’
740 3161 1004 3224 ἀπειλεῖν
1033 3160 1113 3230 σ’,
1150 3159 1227 3225 ὣς
1333 3138 1706 3237 αγγέλλουσί
1727 3177 1847 3233 μοι,
1904 3155 1911 3161 '

466 2567 746 2647 ἐρήσομαι
776 2570 842 2628 δὲ
872 2568 965 2628 καὶ
994 2572 1180 2630 κακῶς
1209 2562 1504 2645 πάσχουσ’
1539 2567 1713 2642 ὅμως,

465 2654 619 2717 τίνος
647 2651 704 2730 μ’
739 2651 899 2715 ἕκατι
928 2654 1036 2731 γῆς
1066 2648 1477 2721 ἆποστέλλεις,
1510 2648 1739 2730 Κρέον,

464 2736 693 2802 δέδοικά
724 2738 779 2799 σ’
782 2786 801 2815 ,
833 2737 999 2800 οὐδὲν
1028 2741 1123 2799 δεῖ
1147 2737 1588 2816 παραμπίσχειν
1617 2736 1852 2814 λόγους,

470 3244 573 3307 τὸν
603 3244 780 3306 δόντα
811 3246 903 3308 καὶ
933 3243 1204 3324 γήμαντα
1233 3243 1327 3305 καὶ
1354 3239 1723 3321 γαμουμένην

468 3328 709 3410 δράσειν
735 3350 814 3391 τι·
860 3327 1014 3391 ταῦτ’
1048 3331 1150 3392 ουν
1179 3327 1317 3408 πρὶν
1344 3331 1552 3391 παθεῖν
1582 3321 1939 3407 φυλάξομαι.

471 3421 749 3494 κρεῖσσον
777 3412 843 3475 δέ
868 3437 969 3490 μοι
999 3418 1104 3477 νῦν
1131 3413 1277 3495 πρός
1306 3413 1364 3473 σ’
1394 3409 1780 3490 ἀπεχθέσθαι,
1811 3408 2003 3488 γύναι,

470 3498 506 3577 ἢ
534 3496 988 3578 μαλθακισθένθ’
1018 3499 1268 3575 ὕστερον
1292 3497 1445 3579 μέγα
1473 3494 1719 3560 στένειν.

303 3589 451 3644 ΜΗ.
468 3588 582 3661 φεῦ
613 3588 747 3662 φεῦ·

471 3668 539 3728 οὗ
567 3672 672 3729 νῦν
697 3692 775 3744 με
803 3671 1049 3749 πρῶτον,
1083 3665 1243 3728 ἀλλὰ
1269 3662 1579 3742 πολλάκις,
1613 3663 1822 3746 Κρέον,

2151 470 2253 519 255

2150 885 2254 938 260

2152 1307 2255 1359 265

2152 1731 2261 1787 ατο
2376 1798 2382 1803 ⁴

2158 2157 2263 2213 2⁷⁶
2354 2164 2389 2185 ⁴

2164 2580 2266 2627 ‘280

2159 2999 2262 3048 235

2465 3606 2484 4053 ᾼᾼᾈΑᾼᾼ.
2482 3570 2483 3575 Α
2482 3518 2483 3529 ᾼ
