2492 4092
247 345 351 398 102
1081 345 1405 390 ΕΥΡΙΠΙΔΟΥ

421 487 565 567 αὐτὴ
595 493 644 553 δ’
672 487 883 569 ἐάνπερ
913 490 996 552 εἷς
1027 487 1198 566 ἐμοὺς
1227 487 1402 571 ἔλθῃς
1432 487 1663 567 δόμους.

416 582 612 653 μενεῖς
642 576 880 646 ἄσυλος,
913 573 1014 634 κοῦ
1045 597 1119 635 σε
1144 571 1222 649 μὴ
1253 576 1410 650 μεθῶ
1442 597 1574 637 τινι.

421 664 487 724 ἐκ
516 662 697 736 τῆσδε
725 656 774 720 δ’
805 655 949 733 αὐτὴ
978 661 1085 737 γῆς
1115 657 1515 720 ἀπαλλάσσου
1545 658 1700 721 πόδα

418 744 676 808 ἀναίτιος
703 744 814 822 γὰρ
845 743 939 804 καὶ
970 741 1155 819 ξένοις
1188 742 1337 806 εἶναι
1369 742 1542 806 θέλω.

243 828 585 894 Mazarae
614 826 760 905 τάδ’·
806 829 965 890 ἀλλὰ
991 827 1189 893 πίστις
1221 829 1275 891 εἶ
1303 826 1536 906 γένοιτό
1561 853 1665 908 μοι

418 914 656 984 τούτων,
693 913 880 993 ἔχοιμ’
911 909 989 974 ἂν
1016 913 1209 975 πάντα
1235 910 1382 991 πρὸς
1413 913 1586 975 σέθεν
1616 917 1828 978 καλῶς.

239 1004 351 1063 ΑΙ.
411 1003 537 1078 μῶν
566 998 633 1060 οὗ
663 996 980 1073 πέποιθας;
1024 994 1061 1071 ἢ
1095 999 1151 1058 τί
1179 1021 1277 1058 σοι
1307 995 1375 1057 τὸ
1405 996 1684 1077 δυσχερές
1705 1023 1724 1073 3

243 1090 398 1146 ΜΗ.
414 1081 685 1145 πέποιθα·
733 1081 958 1144 Πελίου
988 1085 1036 1143 δ’
1069 1082 1279 1160 ἐχθρός
1310 1082 1442 1143 ἐστί
1464 1106 1565 1158 μοι
1594 1082 1772 1158 δόμος

418 1165 620 1247 Κρέων
649 1191 732 1229 τε.
779 1165 1004 1231 τούτοις
1034 1167 1086 1227 δ’
1121 1165 1370 1244 ὁρκίοισι
1399 1168 1506 1243 μὲν
1539 1167 1726 1246 ζυγεὶς

401 1255 664 1332 ’ἄγουσιν
692 1251 760 1314 οὗ
788 1246 989 1336 μεθεΐὶ
1013 1248 1087 1314 ἂν
1115 1252 1180 1312 ἐκ
1208 1253 1380 1328 γαίας
1411 1255 1529 1329 ἐμὲ,

158 1339 619 1502 ψιλσζςλφιὲγὲἑς
649 1336 1603 1499 {buzygsshzssassnssgffv'&adum-05*

618 1447 720 1503 γεν
863 1448 897 1484 ν
919 1448 949 1483 κ
1039 1447 1090 1483 ικ
1238 1447 1344 1499 ευμ
1386 1447 1449 1484 σι

414 1507 517 1570 οὐκ
548 1504 622 1569 ἂν
651 1507 864 1568 πίθοιο·
910 1506 1064 1582 τάμὰ
1092 1510 1199 1584 μὲν
1222 1510 1334 1585 γὰρ
1365 1507 1605 1582 ἀσθενῆ,

412 1597 533 1658 τοῖς
562 1589 609 1653 δ’
644 1592 831 1656 ὅλΒος
860 1590 987 1653 ἐστὶ
1017 1590 1111 1651 καὶ
1141 1591 1317 1669 δόμος
1345 1592 1700 1670 τυραννικός.

237 1684 345 1742 ΑΙ.
406 1677 640 1753 πολλὴν
669 1672 895 1749 ἔλεξας,
931 1672 976 1735 ὦ
1006 1674 1192 1752 γύναι,
1217 1677 1563 1753 προμηθίαν·

401 1762 536 1822 ἀλλ’
568 1762 621 1821 εἰ
650 1763 810 1820 δοκεῖ
837 1783 936 1821 σοι
967 1761 1112 1836 δρᾶν
1141 1757 1285 1829 τάδ’,
1322 1760 1424 1820 οὐκ
1455 1758 1804 1838 ἀφίσταμαι.

410 1846 547 1923 ἐμοί
571 1867 635 1904 τε
663 1844 774 1921 γὰρ
804 1840 927 1903 τάδ’
959 1842 1121 1905 ἐστὶν
1148 1843 1599 1921 ἀσφαλέστατα,

411 1928 637 2007 σκῆψίν
666 1931 772 1989 τιν’
806 1927 1039 2007 ἐχθροῖς
1069 1932 1200 1992 σοῖς
1230 1926 1446 2008 ἔχοντα
1475 1922 1779 2000 δεικνύναι,

411 2013 479 2075 τὸ
510 2013 622 2075 σόν
649 2012 703 2073 τ’
734 2009 913 2091 ἄραρε
940 2015 1191 2090 μᾶλλον·
1235 2012 1450 2089 ἐξηγοῦ
1481 2014 1701 2097 θεούςι,

234 2101 389 2161 ΜΗ.
406 2098 551 2175 ὄμνυ
581 2095 762 2160 πέδον
790 2099 905 2173 Γῆς
935 2093 1157 2175 πατέρα
1186 2099 1241 2159 θ’
1266 2095 1493 2160 ”Ηλιον
1521 2098 1739 2178 πατρὸς

408 2184 625 2262 τούμοῦ
656 2186 804 2245 θεῶν
832 2207 898 2246 τε
929 2183 1215 2249 συντιθεὶς
1244 2180 1401 2244 ἅπαν
1429 2182 1617 2262 γένος.

235 2271 342 2333 ΑΙ.
403 2268 466 2329 τί
488 2271 689 2349 χρῆμα
718 2266 958 2346 δράσειν
985 2265 1022 2342 ἢ
1052 2267 1114 2328 τί
1137 2267 1216 2344 μὴ
1249 2266 1488 2346 δράσειν
1512 2264 1539 2343 ;’
1573 2266 1733 2347 λέγε.

233 2358 387 2416 ΜΗ.
398 2351 533 2431 μήτ’
567 2352 737 2416 αὐτὸς
769 2355 832 2415 ἐκ
860 2355 967 2430 γῆς
998 2356 1108 2429 σῆς
1139 2352 1227 2429 ἔμ’
1261 2354 1542 2429 ἐκβαλεῖν
1572 2377 1715 2415 ποτε
1820 2385 1825 2389 ·

401 2436 554 2514 μήτ’,
589 2436 774 2500 ἄλλος
801 2434 875 2511 ἥν
903 2460 992 2499 τις
1020 2440 1138 2498 τῶν
1167 2438 1321 2514 ἐμῶν
1349 2437 1575 2514 ἐχθρῶν
1603 2436 1768 2514 ἄγειν

407 2517 609 2604 χρῄζῃ,
643 2517 926 2596 μεθήσειν
956 2519 1066 2593 ζῶν
1096 2520 1341 2601 ἑκουσίῳ
1370 2520 1585 2601 τρόπῳ.

232 2609 344 2667 AI.
405 2605 615 2682 ὄμνυμι
646 2608 828 2665 Γαΐαν
847 2600 1065 2665 Ἡλίου
1096 2604 1149 2664 θ’
1183 2602 1368 2683 ἁγνὸν
1398 2601 1583 2680 σέβας

408 2688 575 2754 θεούς
605 2713 671 2752 τε
698 2687 922 2754 πάντας
952 2689 1224 2765 ἐμμενεῖν
1254 2687 1293 2749 ά
1322 2712 1433 2750 σου
1463 2689 1638 2751 κλύω.

136 2848 142 2859 ⁸
237 2776 588 2854 ΜΗ.ἀρκεῖ·
634 2774 696 2835 τί
721 2772 771 2836 δ’
804 2773 953 2856 ὅρκῳ
988 2772 1134 2855 τῷδε
1161 2772 1239 2850 μὴ
1271 2772 1525 2852 ’μμένων
1555 2772 1804 2852 πάθοις;

235 2863 342 2920 ΑΙ.
393 2857 433 2919 ἃ
460 2865 619 2923 τοῖσι
647 2862 1017 2937 δυσσεβοῦσι
1047 2861 1311 2937 γίγνεται
1340 2864 1593 2938 βροτῶν.

235 2947 390 3006 ΜΗ.
408 2947 632 3024 χαίρων
659 2943 928 3021 πορεύου·
974 2945 1166 3006 πάντα
1193 2946 1305 3022 γὰρ
1337 2948 1529 3008 καλῶς
1559 2946 1683 3024 ἔχει

411 3030 568 3107 κάγὼ
599 3029 778 3092 πόλιν
807 3027 923 3104 σὴν
953 3029 1029 3093 ὦς
1057 3024 1293 3107 τάχιστ’
1324 3026 1627 3105 ἀφίξομαι,

410 3109 667 3191 πράξασ)
698 3111 737 3173 ἃ
764 3110 966 3191 μέλλω
991 3111 1083 3173 καὶ
1113 3113 1357 3191 τυχοῦσ)
1390 3110 1429 3171 ἃ
1455 3114 1771 3188 βούλομαι.

240 3197 377 3258 XO.
409 3194 570 3260 ἀλλά
602 3195 658 3258 σ’
692 3200 725 3260 ὁ
757 3198 955 3261 Μαίας
985 3202 1279 3273 πομπαῖος
1308 3195 1461 3272 ἄναξ

411 3278 696 3346 πελάσειε
725 3280 944 3358 δόμοις,
979 3282 1059 3343 ὧν
1088 3280 1139 3342 τ’
1174 3282 1437 3344 ἐπίνοιαν

412 3368 685 3431 σπεύδεις
716 3363 978 3445 κατέχων
1008 3362 1306 3445 πράξειας,
1339 3364 1466 3430 ἐπεὶ

412 3455 682 3531 γενναῖος
710 3447 872 3527 ἀνὴρ,

403 3537 617 3614 Ἀἰγεῦ,
652 3536 791 3614 παρ’
824 3533 951 3614 ἐμοὶ
981 3534 1310 3611 δεδόκησαι.

244 3617 455 3683 wlff&
489 3624 605 3683 Ζεῦ
637 3621 788 3696 Δίκη
819 3644 885 3682 τε
918 3618 1105 3696 Ζηνὸς
1133 3618 1349 3682 Ἡλίου
1379 3645 1444 3683 τε
1475 3625 1623 3700 φῶς,

412 3707 517 3767 νῦν
547 3704 876 3768 καλλίνικοι
904 3710 1021 3767 τῶν
1050 3706 1205 3783 ἐμῶν
1236 3705 1480 3787 ἐχθρῶν,
1519 3707 1714 3788 φίλαι,

2000 759 2223 819 .730

2116 1183 2218 1235 735

2111 1600 2217 1657 740

2111 2021 2212 2080 745

2111 2871 2210 2925 755

2109 3291 2213 3351 760
2286 3294 2303 3309 “
