<?xml version="1.0" encoding="UTF-8"?>
<!DOCTYPE html PUBLIC "-//W3C//DTD XHTML 1.0 Transitional//EN"
    "http://www.w3.org/TR/xhtml1/DTD/xhtml1-transitional.dtd">
<html xmlns="http://www.w3.org/1999/xhtml" xml:lang="en" lang="en">
 <head>
  <title>
</title>
<meta http-equiv="Content-Type" content="text/html;charset=utf-8" />
  <meta name='ocr-system' content='tesseract 3.04.00' />
  <meta name='ocr-capabilities' content='ocr_page ocr_carea ocr_par ocr_line ocrx_word'/>
</head>
<body>
  <div class='ocr_page' id='page_1' title='image "./hecubaandmedeae00unkngoog_0111.png"; bbox 0 0 2492 4092; ppageno 0'>
   <div class='ocr_carea' id='block_1_1' title="bbox 1087 309 1340 352">
    <p class='ocr_par' dir='ltr' id='par_1_1' title="bbox 1087 309 1340 352">
     <span class='ocr_line' id='line_1_1' title="bbox 1087 309 1340 352; baseline -0.012 0"><span class='ocrx_word' id='word_1_1' title='bbox 1087 309 1340 352; x_wconf 71' lang='lat' dir='ltr'>MHAEIA.</span> 
     </span>
    </p>
   </div>
   <div class='ocr_carea' id='block_1_2' title="bbox 393 447 1779 1211">
    <p class='ocr_par' dir='ltr' id='par_1_2' title="bbox 393 447 1657 703">
     <span class='ocr_line' id='line_1_2' title="bbox 393 447 1621 537; baseline -0.006 -19"><span class='ocrx_word' id='word_1_2' title='bbox 393 458 575 537; x_wconf 89' lang='grc' dir='ltr'>λόγος</span> <span class='ocrx_word' id='word_1_3' title='bbox 604 458 879 533; x_wconf 73' lang='grc' dir='ltr'>διελθεῖν,</span> <span class='ocrx_word' id='word_1_4' title='bbox 909 454 986 518; x_wconf 83' lang='grc' dir='ltr'>ὣς</span> <span class='ocrx_word' id='word_1_5' title='bbox 1006 449 1201 530; x_wconf 87' lang='grc' dir='ltr'>Ἔρως</span> <span class='ocrx_word' id='word_1_6' title='bbox 1230 452 1291 512; x_wconf 60' lang='grc' dir='ltr'>ο)</span> <span class='ocrx_word' id='word_1_7' title='bbox 1318 447 1621 530; x_wconf 83' lang='grc' dir='ltr'>ἠνάγκασε</span> 
     </span>
     <span class='ocr_line' id='line_1_3' title="bbox 394 536 1657 619; baseline -0.004 -16"><span class='ocrx_word' id='word_1_8' title='bbox 394 540 588 618; x_wconf 81' lang='grc' dir='ltr'>τόξοις</span> <span class='ocrx_word' id='word_1_9' title='bbox 618 539 900 619; x_wconf 79' lang='grc' dir='ltr'>ἀφύκτοις</span> <span class='ocrx_word' id='word_1_10' title='bbox 929 537 1147 609; x_wconf 80' lang='grc' dir='ltr'>τούμὸν</span> <span class='ocrx_word' id='word_1_11' title='bbox 1169 540 1430 599; x_wconf 84' lang='grc' dir='ltr'>ἐκσῶσαι</span> <span class='ocrx_word' id='word_1_12' title='bbox 1458 536 1657 612; x_wconf 80' lang='grc' dir='ltr'>δέμας.</span> 
     </span>
     <span class='ocr_line' id='line_1_4' title="bbox 395 618 1590 703; baseline -0.006 -15"><span class='ocrx_word' id='word_1_13' title='bbox 395 627 537 688; x_wconf 77' lang='grc' dir='ltr'>ἀλλ’</span> <span class='ocrx_word' id='word_1_14' title='bbox 560 625 665 687; x_wconf 79' lang='grc' dir='ltr'>οὐκ</span> <span class='ocrx_word' id='word_1_15' title='bbox 694 624 950 703; x_wconf 80' lang='grc' dir='ltr'>ἀκριβῶς</span> <span class='ocrx_word' id='word_1_16' title='bbox 980 620 1119 685; x_wconf 77' lang='grc' dir='ltr'>αὐτὸ</span> <span class='ocrx_word' id='word_1_17' title='bbox 1149 618 1404 696; x_wconf 87' lang='grc' dir='ltr'>θήσομαι</span> <span class='ocrx_word' id='word_1_18' title='bbox 1433 619 1590 681; x_wconf 93' lang='grc' dir='ltr'>λίαν·</span> 
     </span>
    </p>

    <p class='ocr_par' dir='ltr' id='par_1_3' title="bbox 393 705 1557 790">
     <span class='ocr_line' id='line_1_5' title="bbox 393 705 1557 790; baseline -0.004 -17"><span class='ocrx_word' id='word_1_19' title='bbox 393 713 509 787; x_wconf 83' lang='grc' dir='ltr'>ὅπη</span> <span class='ocrx_word' id='word_1_20' title='bbox 539 711 652 790; x_wconf 75' lang='grc' dir='ltr'>γὰρ</span> <span class='ocrx_word' id='word_1_21' title='bbox 680 708 782 771; x_wconf 74' lang='grc' dir='ltr'>οὖν</span> <span class='ocrx_word' id='word_1_22' title='bbox 809 705 1063 784; x_wconf 81' lang='grc' dir='ltr'>ὤνησας,</span> <span class='ocrx_word' id='word_1_23' title='bbox 1097 705 1164 767; x_wconf 82' lang='grc' dir='ltr'>οὗ</span> <span class='ocrx_word' id='word_1_24' title='bbox 1195 710 1381 769; x_wconf 89' lang='grc' dir='ltr'>κακῶς</span> <span class='ocrx_word' id='word_1_25' title='bbox 1411 705 1557 787; x_wconf 85' lang='grc' dir='ltr'>ἔχει.</span> 
     </span>
    </p>

    <p class='ocr_par' dir='ltr' id='par_1_4' title="bbox 395 790 1779 1211">
     <span class='ocr_line' id='line_1_6' title="bbox 395 790 1518 872; baseline -0.009 -14"><span class='ocrx_word' id='word_1_26' title='bbox 395 795 573 872; x_wconf 77' lang='grc' dir='ltr'>μείζω</span> <span class='ocrx_word' id='word_1_27' title='bbox 602 796 674 872; x_wconf 82' lang='grc' dir='ltr'>γε</span> <span class='ocrx_word' id='word_1_28' title='bbox 701 791 897 869; x_wconf 87' lang='grc' dir='ltr'>μέντοι</span> <span class='ocrx_word' id='word_1_29' title='bbox 925 794 1027 868; x_wconf 83' lang='grc' dir='ltr'>τῆς</span> <span class='ocrx_word' id='word_1_30' title='bbox 1057 791 1197 866; x_wconf 79' lang='grc' dir='ltr'>ἐμῆς</span> <span class='ocrx_word' id='word_1_31' title='bbox 1229 790 1518 868; x_wconf 85' lang='grc' dir='ltr'>σωτηρίας</span> 
     </span>
     <span class='ocr_line' id='line_1_7' title="bbox 396 870 1537 958; baseline -0.004 -16"><span class='ocrx_word' id='word_1_32' title='bbox 396 882 652 958; x_wconf 77' lang='grc' dir='ltr'>εἴληφας</span> <span class='ocrx_word' id='word_1_33' title='bbox 679 875 717 952; x_wconf 72' lang='grc' dir='ltr'>ἢ</span> <span class='ocrx_word' id='word_1_34' title='bbox 747 876 1016 950; x_wconf 88' lang='grc' dir='ltr'>δέδωκας,</span> <span class='ocrx_word' id='word_1_35' title='bbox 1046 872 1126 940; x_wconf 75' lang='grc' dir='ltr'>ὥς</span> <span class='ocrx_word' id='word_1_36' title='bbox 1154 874 1272 951; x_wconf 79' lang='grc' dir='ltr'>ἐγὼ</span> <span class='ocrx_word' id='word_1_37' title='bbox 1305 870 1537 953; x_wconf 84' lang='grc' dir='ltr'>φράσω.</span> 
     </span>
     <span class='ocr_line' id='line_1_8' title="bbox 396 956 1779 1042; baseline -0.003 -17"><span class='ocrx_word' id='word_1_38' title='bbox 396 968 629 1042; x_wconf 89' lang='grc' dir='ltr'>πρῶτον</span> <span class='ocrx_word' id='word_1_39' title='bbox 653 963 762 1040; x_wconf 75' lang='grc' dir='ltr'>μὲν</span> <span class='ocrx_word' id='word_1_40' title='bbox 790 959 1038 1022; x_wconf 81' lang='grc' dir='ltr'>Ἑλλάδ’</span> <span class='ocrx_word' id='word_1_41' title='bbox 1069 959 1197 1020; x_wconf 81' lang='grc' dir='ltr'>ἀντὶ</span> <span class='ocrx_word' id='word_1_42' title='bbox 1223 958 1536 1038; x_wconf 87' lang='grc' dir='ltr'>βαρβάρου</span> <span class='ocrx_word' id='word_1_43' title='bbox 1564 956 1779 1038; x_wconf 84' lang='grc' dir='ltr'>χθονὸς</span> 
     </span>
     <span class='ocr_line' id='line_1_9' title="bbox 395 1044 1563 1129; baseline -0.004 -18"><span class='ocrx_word' id='word_1_44' title='bbox 395 1055 571 1129; x_wconf 84' lang='grc' dir='ltr'>γαῖαν</span> <span class='ocrx_word' id='word_1_45' title='bbox 598 1051 897 1117; x_wconf 78' lang='grc' dir='ltr'>κατοικεῖς,</span> <span class='ocrx_word' id='word_1_46' title='bbox 931 1044 1023 1107; x_wconf 86' lang='grc' dir='ltr'>καὶ</span> <span class='ocrx_word' id='word_1_47' title='bbox 1054 1046 1218 1119; x_wconf 90' lang='grc' dir='ltr'>δίκην</span> <span class='ocrx_word' id='word_1_48' title='bbox 1245 1044 1563 1106; x_wconf 81' lang='grc' dir='ltr'>ἐπίστασαι</span> 
     </span>
     <span class='ocr_line' id='line_1_10' title="bbox 398 1126 1738 1211; baseline -0.004 -15"><span class='ocrx_word' id='word_1_49' title='bbox 398 1134 599 1211; x_wconf 88' lang='grc' dir='ltr'>νόμοις</span> <span class='ocrx_word' id='word_1_50' title='bbox 627 1156 692 1195; x_wconf 90' lang='grc' dir='ltr'>τε</span> <span class='ocrx_word' id='word_1_51' title='bbox 717 1133 993 1210; x_wconf 84' lang='grc' dir='ltr'>χρῆσθαι,</span> <span class='ocrx_word' id='word_1_52' title='bbox 1020 1130 1100 1207; x_wconf 80' lang='grc' dir='ltr'>μὴ</span> <span class='ocrx_word' id='word_1_53' title='bbox 1132 1129 1277 1208; x_wconf 80' lang='grc' dir='ltr'>πρὸς</span> <span class='ocrx_word' id='word_1_54' title='bbox 1309 1128 1516 1209; x_wconf 82' lang='grc' dir='ltr'>ἰσχύος</span> <span class='ocrx_word' id='word_1_55' title='bbox 1543 1126 1738 1209; x_wconf 84' lang='grc' dir='ltr'>χάριν·</span> 
     </span>
    </p>
   </div>
   <div class='ocr_carea' id='block_1_3' title="bbox 398 1211 1845 1297">
    <p class='ocr_par' dir='ltr' id='par_1_5' title="bbox 398 1211 1845 1297">
     <span class='ocr_line' id='line_1_11' title="bbox 398 1211 1845 1297; baseline -0.003 -18"><span class='ocrx_word' id='word_1_56' title='bbox 398 1215 611 1281; x_wconf 84' lang='grc' dir='ltr'>πάντες</span> <span class='ocrx_word' id='word_1_57' title='bbox 637 1215 704 1277; x_wconf 88' lang='grc' dir='ltr'>δέ</span> <span class='ocrx_word' id='word_1_58' title='bbox 731 1215 791 1275; x_wconf 63' lang='grc' dir='ltr'>ο)</span> <span class='ocrx_word' id='word_1_59' title='bbox 820 1212 1061 1297; x_wconf 74' lang='grc' dir='ltr'>ᾔσθοντ’</span> <span class='ocrx_word' id='word_1_60' title='bbox 1093 1214 1281 1275; x_wconf 72' lang='grc' dir='ltr'>οὖσαν</span> <span class='ocrx_word' id='word_1_61' title='bbox 1297 1211 1596 1289; x_wconf 58' lang='grc' dir='ltr'>*Έλληνες</span> <span class='ocrx_word' id='word_1_62' title='bbox 1625 1211 1845 1292; x_wconf 78' lang='grc' dir='ltr'>σοφὴν,</span> 
     </span>
    </p>
   </div>
   <div class='ocr_carea' id='block_1_4' title="bbox 400 1296 1824 3744">
    <p class='ocr_par' dir='ltr' id='par_1_6' title="bbox 400 1296 1686 1463">
     <span class='ocr_line' id='line_1_12' title="bbox 401 1296 1686 1377; baseline -0.002 -17"><span class='ocrx_word' id='word_1_63' title='bbox 401 1302 497 1362; x_wconf 86' lang='grc' dir='ltr'>καὶ</span> <span class='ocrx_word' id='word_1_64' title='bbox 523 1297 702 1375; x_wconf 82' lang='grc' dir='ltr'>δόξαν</span> <span class='ocrx_word' id='word_1_65' title='bbox 729 1298 928 1377; x_wconf 87' lang='grc' dir='ltr'>ἔσχες·</span> <span class='ocrx_word' id='word_1_66' title='bbox 973 1298 1025 1358; x_wconf 84' lang='grc' dir='ltr'>εἶ</span> <span class='ocrx_word' id='word_1_67' title='bbox 1052 1297 1117 1357; x_wconf 74' lang='grc' dir='ltr'>δὲ</span> <span class='ocrx_word' id='word_1_68' title='bbox 1142 1298 1252 1373; x_wconf 84' lang='grc' dir='ltr'>γῆς</span> <span class='ocrx_word' id='word_1_69' title='bbox 1283 1296 1374 1357; x_wconf 76' lang='grc' dir='ltr'>ἐπ’</span> <span class='ocrx_word' id='word_1_70' title='bbox 1407 1298 1686 1377; x_wconf 80' lang='grc' dir='ltr'>ἐσχάτοις</span> 
     </span>
     <span class='ocr_line' id='line_1_13' title="bbox 400 1377 1609 1463; baseline -0.003 -18"><span class='ocrx_word' id='word_1_71' title='bbox 400 1385 628 1463; x_wconf 82' lang='grc' dir='ltr'>ὅροισιν</span> <span class='ocrx_word' id='word_1_72' title='bbox 655 1379 841 1463; x_wconf 78' lang='grc' dir='ltr'>ᾤκεις,</span> <span class='ocrx_word' id='word_1_73' title='bbox 876 1381 980 1443; x_wconf 80' lang='grc' dir='ltr'>οὐκ</span> <span class='ocrx_word' id='word_1_74' title='bbox 1008 1377 1080 1442; x_wconf 81' lang='grc' dir='ltr'>ἂν</span> <span class='ocrx_word' id='word_1_75' title='bbox 1106 1377 1178 1455; x_wconf 86' lang='grc' dir='ltr'>ἦν</span> <span class='ocrx_word' id='word_1_76' title='bbox 1204 1379 1386 1457; x_wconf 83' lang='grc' dir='ltr'>λόγος</span> <span class='ocrx_word' id='word_1_77' title='bbox 1416 1381 1609 1443; x_wconf 87' lang='grc' dir='ltr'>σέθεν.</span> 
     </span>
    </p>

    <p class='ocr_par' dir='ltr' id='par_1_7' title="bbox 401 1461 1535 1545">
     <span class='ocr_line' id='line_1_14' title="bbox 401 1461 1535 1545; baseline -0.007 -14"><span class='ocrx_word' id='word_1_78' title='bbox 401 1471 491 1544; x_wconf 84' lang='grc' dir='ltr'>εἵη</span> <span class='ocrx_word' id='word_1_79' title='bbox 520 1468 571 1530; x_wconf 82' lang='grc' dir='ltr'>δ’</span> <span class='ocrx_word' id='word_1_80' title='bbox 598 1467 797 1544; x_wconf 85' lang='grc' dir='ltr'>ἔμοιγε</span> <span class='ocrx_word' id='word_1_81' title='bbox 821 1461 971 1542; x_wconf 84' lang='grc' dir='ltr'>μήτε</span> <span class='ocrx_word' id='word_1_82' title='bbox 994 1461 1215 1545; x_wconf 85' lang='grc' dir='ltr'>χρυσὸς</span> <span class='ocrx_word' id='word_1_83' title='bbox 1242 1465 1307 1524; x_wconf 79' lang='grc' dir='ltr'>ἐν</span> <span class='ocrx_word' id='word_1_84' title='bbox 1334 1465 1535 1541; x_wconf 85' lang='grc' dir='ltr'>δόμοις</span> 
     </span>
    </p>

    <p class='ocr_par' dir='ltr' id='par_1_8' title="bbox 400 1545 1665 1631">
     <span class='ocr_line' id='line_1_15' title="bbox 400 1545 1665 1631; baseline -0.002 -16"><span class='ocrx_word' id='word_1_85' title='bbox 400 1550 536 1631; x_wconf 72' lang='grc' dir='ltr'>μήτ’</span> <span class='ocrx_word' id='word_1_86' title='bbox 566 1548 837 1630; x_wconf 88' lang='grc' dir='ltr'>Ὀρφέως</span> <span class='ocrx_word' id='word_1_87' title='bbox 871 1545 1120 1611; x_wconf 83' lang='grc' dir='ltr'>κάλλιον</span> <span class='ocrx_word' id='word_1_88' title='bbox 1143 1548 1400 1624; x_wconf 81' lang='grc' dir='ltr'>ὑμνῆσαι</span> <span class='ocrx_word' id='word_1_89' title='bbox 1424 1547 1621 1625; x_wconf 85' lang='grc' dir='ltr'>μέλος,</span> <span class='ocrx_word' id='word_1_90' title='bbox 1654 1592 1665 1602; x_wconf 86' lang='lat'><strong>·</strong></span> 
     </span>
    </p>

    <p class='ocr_par' dir='ltr' id='par_1_9' title="bbox 404 1632 1506 1716">
     <span class='ocr_line' id='line_1_16' title="bbox 404 1632 1506 1716; baseline -0.005 -14"><span class='ocrx_word' id='word_1_91' title='bbox 404 1638 460 1702; x_wconf 82' lang='grc' dir='ltr'>εἷ</span> <span class='ocrx_word' id='word_1_92' title='bbox 483 1634 564 1716; x_wconf 76' lang='grc' dir='ltr'>μὴ</span> <span class='ocrx_word' id='word_1_93' title='bbox 589 1635 867 1712; x_wconf 78' lang='grc' dir='ltr'>’πίσημος</span> <span class='ocrx_word' id='word_1_94' title='bbox 894 1633 931 1710; x_wconf 85' lang='grc' dir='ltr'>ἡ</span> <span class='ocrx_word' id='word_1_95' title='bbox 952 1633 1098 1713; x_wconf 88' lang='grc' dir='ltr'>τύχη</span> <span class='ocrx_word' id='word_1_96' title='bbox 1126 1632 1359 1711; x_wconf 87' lang='grc' dir='ltr'>γένοιτό</span> <span class='ocrx_word' id='word_1_97' title='bbox 1383 1657 1506 1710; x_wconf 91' lang='grc' dir='ltr'>μοι.</span> 
     </span>
    </p>

    <p class='ocr_par' dir='ltr' id='par_1_10' title="bbox 401 1716 1738 2136">
     <span class='ocr_line' id='line_1_17' title="bbox 401 1716 1629 1797; baseline -0.003 -13"><span class='ocrx_word' id='word_1_98' title='bbox 401 1726 661 1784; x_wconf 80' lang='grc' dir='ltr'>τοσαῦτα</span> <span class='ocrx_word' id='word_1_99' title='bbox 683 1719 792 1797; x_wconf 90' lang='grc' dir='ltr'>μέν</span> <span class='ocrx_word' id='word_1_100' title='bbox 822 1742 919 1780; x_wconf 90' lang='grc' dir='ltr'>σοι</span> <span class='ocrx_word' id='word_1_101' title='bbox 947 1723 1065 1780; x_wconf 89' lang='grc' dir='ltr'>τῶν</span> <span class='ocrx_word' id='word_1_102' title='bbox 1092 1718 1246 1796; x_wconf 77' lang='grc' dir='ltr'>ἐμῶν</span> <span class='ocrx_word' id='word_1_103' title='bbox 1273 1719 1471 1781; x_wconf 87' lang='grc' dir='ltr'>πόνων</span> <span class='ocrx_word' id='word_1_104' title='bbox 1496 1716 1629 1797; x_wconf 90' lang='grc' dir='ltr'>πέρι</span> 
     </span>
     <span class='ocr_line' id='line_1_18' title="bbox 402 1802 1738 1882; baseline -0.001 -14"><span class='ocrx_word' id='word_1_105' title='bbox 402 1804 586 1882; x_wconf 73' lang='grc' dir='ltr'>ἔλεξ’·</span> <span class='ocrx_word' id='word_1_106' title='bbox 633 1804 894 1882; x_wconf 78' lang='grc' dir='ltr'>ἅμιλλαν</span> <span class='ocrx_word' id='word_1_107' title='bbox 919 1804 1031 1882; x_wconf 75' lang='grc' dir='ltr'>γὰρ</span> <span class='ocrx_word' id='word_1_108' title='bbox 1061 1802 1137 1865; x_wconf 82' lang='grc' dir='ltr'>σὺ</span> <span class='ocrx_word' id='word_1_109' title='bbox 1165 1802 1491 1880; x_wconf 82' lang='grc' dir='ltr'>προῦθηκας</span> <span class='ocrx_word' id='word_1_110' title='bbox 1518 1803 1738 1882; x_wconf 84' lang='grc' dir='ltr'>λόγων.</span> 
     </span>
     <span class='ocr_line' id='line_1_19' title="bbox 403 1885 1712 1968; baseline 0.002 -17"><span class='ocrx_word' id='word_1_111' title='bbox 403 1888 443 1951; x_wconf 78' lang='grc' dir='ltr'>ἃ</span> <span class='ocrx_word' id='word_1_112' title='bbox 469 1892 522 1953; x_wconf 81' lang='grc' dir='ltr'>δ’</span> <span class='ocrx_word' id='word_1_113' title='bbox 545 1888 608 1954; x_wconf 89' lang='grc' dir='ltr'>ε’ς</span> <span class='ocrx_word' id='word_1_114' title='bbox 635 1889 856 1968; x_wconf 86' lang='grc' dir='ltr'>γάμους</span> <span class='ocrx_word' id='word_1_115' title='bbox 882 1913 983 1964; x_wconf 90' lang='grc' dir='ltr'>μοι</span> <span class='ocrx_word' id='word_1_116' title='bbox 1008 1885 1363 1964; x_wconf 81' lang='grc' dir='ltr'>βασιλικοὺς</span> <span class='ocrx_word' id='word_1_117' title='bbox 1388 1887 1712 1965; x_wconf 84' lang='grc' dir='ltr'>ὠνείδισας,</span> 
     </span>
     <span class='ocr_line' id='line_1_20' title="bbox 405 1969 1671 2056; baseline -0.002 -18"><span class='ocrx_word' id='word_1_118' title='bbox 405 1973 474 2051; x_wconf 78' lang='grc' dir='ltr'>ἐν</span> <span class='ocrx_word' id='word_1_119' title='bbox 499 1975 650 2056; x_wconf 72' lang='grc' dir='ltr'>τῷδε</span> <span class='ocrx_word' id='word_1_120' title='bbox 676 1970 845 2048; x_wconf 82' lang='grc' dir='ltr'>δείξω</span> <span class='ocrx_word' id='word_1_121' title='bbox 876 1974 1080 2051; x_wconf 81' lang='grc' dir='ltr'>πρῶτα</span> <span class='ocrx_word' id='word_1_122' title='bbox 1105 1972 1215 2049; x_wconf 78' lang='grc' dir='ltr'>μὲν</span> <span class='ocrx_word' id='word_1_123' title='bbox 1242 1969 1434 2049; x_wconf 83' lang='grc' dir='ltr'>σοφὸς</span> <span class='ocrx_word' id='word_1_124' title='bbox 1463 1973 1671 2051; x_wconf 82' lang='grc' dir='ltr'>γεγὼς,</span> 
     </span>
     <span class='ocr_line' id='line_1_21' title="bbox 401 2053 1611 2136; baseline -0.002 -16"><span class='ocrx_word' id='word_1_125' title='bbox 401 2057 908 2136; x_wconf 81' lang='grc' dir='ltr'>ἔπειτα,σῶφρων,</span> <span class='ocrx_word' id='word_1_126' title='bbox 938 2054 1066 2118; x_wconf 84' lang='grc' dir='ltr'>εἶτα</span> <span class='ocrx_word' id='word_1_127' title='bbox 1094 2056 1190 2118; x_wconf 83' lang='grc' dir='ltr'>σοὶ</span> <span class='ocrx_word' id='word_1_128' title='bbox 1218 2053 1404 2135; x_wconf 83' lang='grc' dir='ltr'>μέγας</span> <span class='ocrx_word' id='word_1_129' title='bbox 1433 2058 1611 2135; x_wconf 84' lang='grc' dir='ltr'>φίλος</span> 
     </span>
    </p>

    <p class='ocr_par' dir='ltr' id='par_1_11' title="bbox 402 2138 1710 2389">
     <span class='ocr_line' id='line_1_22' title="bbox 403 2138 1710 2224; baseline -0.002 -20"><span class='ocrx_word' id='word_1_130' title='bbox 403 2142 497 2205; x_wconf 87' lang='grc' dir='ltr'>καὶ</span> <span class='ocrx_word' id='word_1_131' title='bbox 523 2141 695 2205; x_wconf 87' lang='grc' dir='ltr'>παισὶ</span> <span class='ocrx_word' id='word_1_132' title='bbox 721 2144 844 2204; x_wconf 82' lang='grc' dir='ltr'>τοῖς</span> <span class='ocrx_word' id='word_1_133' title='bbox 870 2140 1135 2216; x_wconf 78' lang='grc' dir='ltr'>ἐμοῖσιν·</span> <span class='ocrx_word' id='word_1_134' title='bbox 1178 2139 1317 2200; x_wconf 84' lang='grc' dir='ltr'>ἀλλ’</span> <span class='ocrx_word' id='word_1_135' title='bbox 1344 2138 1436 2219; x_wconf 80' lang='grc' dir='ltr'>ἔχ’</span> <span class='ocrx_word' id='word_1_136' title='bbox 1466 2139 1710 2224; x_wconf 84' lang='grc' dir='ltr'>ἥσυχος.</span> 
     </span>
     <span class='ocr_line' id='line_1_23' title="bbox 402 2223 1561 2303; baseline -0.001 -14"><span class='ocrx_word' id='word_1_137' title='bbox 402 2225 534 2290; x_wconf 82' lang='grc' dir='ltr'>ἐπεὶ</span> <span class='ocrx_word' id='word_1_138' title='bbox 559 2223 849 2303; x_wconf 88' lang='grc' dir='ltr'>μετέστην</span> <span class='ocrx_word' id='word_1_139' title='bbox 874 2223 1026 2301; x_wconf 79' lang='grc' dir='ltr'>δεῦρ’</span> <span class='ocrx_word' id='word_1_140' title='bbox 1049 2223 1322 2288; x_wconf 84' lang='grc' dir='ltr'>Ἰωλκίας</span> <span class='ocrx_word' id='word_1_141' title='bbox 1347 2224 1561 2303; x_wconf 84' lang='grc' dir='ltr'>χθονὸς</span> 
     </span>
     <span class='ocr_line' id='line_1_24' title="bbox 402 2306 1647 2389; baseline 0.002 -18"><span class='ocrx_word' id='word_1_142' title='bbox 402 2313 635 2375; x_wconf 77' lang='grc' dir='ltr'>πολλὰς</span> <span class='ocrx_word' id='word_1_143' title='bbox 662 2307 934 2388; x_wconf 85' lang='grc' dir='ltr'>ε’φέλκων</span> <span class='ocrx_word' id='word_1_144' title='bbox 960 2306 1264 2388; x_wconf 79' lang='grc' dir='ltr'>ξυμφορὰς</span> <span class='ocrx_word' id='word_1_145' title='bbox 1291 2307 1647 2389; x_wconf 80' lang='grc' dir='ltr'>ἀμηχάνους,</span> 
     </span>
    </p>

    <p class='ocr_par' dir='ltr' id='par_1_12' title="bbox 402 2390 1633 2472">
     <span class='ocr_line' id='line_1_25' title="bbox 402 2390 1633 2472; baseline 0.001 -17"><span class='ocrx_word' id='word_1_146' title='bbox 402 2398 466 2459; x_wconf 89' lang='grc' dir='ltr'>τί</span> <span class='ocrx_word' id='word_1_147' title='bbox 487 2396 646 2456; x_wconf 76' lang='grc' dir='ltr'>τοῦδ’</span> <span class='ocrx_word' id='word_1_148' title='bbox 677 2392 750 2456; x_wconf 83' lang='grc' dir='ltr'>ἂν</span> <span class='ocrx_word' id='word_1_149' title='bbox 779 2390 973 2471; x_wconf 84' lang='grc' dir='ltr'>εὕρημ’</span> <span class='ocrx_word' id='word_1_150' title='bbox 1006 2394 1184 2470; x_wconf 81' lang='grc' dir='ltr'>ηὗρον</span> <span class='ocrx_word' id='word_1_151' title='bbox 1212 2391 1633 2472; x_wconf 78' lang='grc' dir='ltr'>εὐτυχέστερον</span> 
     </span>
    </p>

    <p class='ocr_par' dir='ltr' id='par_1_13' title="bbox 400 2475 1764 2728">
     <span class='ocr_line' id='line_1_26' title="bbox 400 2475 1664 2558; baseline -0.001 -15"><span class='ocrx_word' id='word_1_152' title='bbox 400 2478 438 2557; x_wconf 88' lang='grc' dir='ltr'>ἢ</span> <span class='ocrx_word' id='word_1_153' title='bbox 469 2483 651 2543; x_wconf 82' lang='grc' dir='ltr'>παῖδα</span> <span class='ocrx_word' id='word_1_154' title='bbox 678 2481 859 2558; x_wconf 86' lang='grc' dir='ltr'>γῆμαι</span> <span class='ocrx_word' id='word_1_155' title='bbox 886 2475 1188 2555; x_wconf 89' lang='grc' dir='ltr'>βασιλέως</span> <span class='ocrx_word' id='word_1_156' title='bbox 1215 2479 1408 2556; x_wconf 75' lang='grc' dir='ltr'>φυγὰς</span> <span class='ocrx_word' id='word_1_157' title='bbox 1437 2478 1664 2558; x_wconf 79' lang='grc' dir='ltr'>γεγῶς;</span> 
     </span>
     <span class='ocr_line' id='line_1_27' title="bbox 401 2561 1764 2649; baseline 0.002 -24"><span class='ocrx_word' id='word_1_158' title='bbox 401 2564 533 2644; x_wconf 80' lang='grc' dir='ltr'>οὐχ,</span> <span class='ocrx_word' id='word_1_159' title='bbox 563 2561 603 2649; x_wconf 83' lang='grc' dir='ltr'>ᾗ</span> <span class='ocrx_word' id='word_1_160' title='bbox 636 2565 714 2627; x_wconf 84' lang='grc' dir='ltr'>σὺ</span> <span class='ocrx_word' id='word_1_161' title='bbox 744 2563 937 2640; x_wconf 79' lang='grc' dir='ltr'>κνίζει,</span> <span class='ocrx_word' id='word_1_162' title='bbox 973 2561 1083 2623; x_wconf 87' lang='grc' dir='ltr'>σὸν</span> <span class='ocrx_word' id='word_1_163' title='bbox 1110 2561 1220 2638; x_wconf 77' lang='grc' dir='ltr'>μὲν</span> <span class='ocrx_word' id='word_1_164' title='bbox 1250 2562 1539 2642; x_wconf 80' lang='grc' dir='ltr'>έχθαίρων</span> <span class='ocrx_word' id='word_1_165' title='bbox 1566 2562 1764 2645; x_wconf 90' lang='grc' dir='ltr'>λέχος,</span> 
     </span>
     <span class='ocr_line' id='line_1_28' title="bbox 405 2644 1620 2728; baseline 0.001 -20"><span class='ocrx_word' id='word_1_166' title='bbox 405 2651 600 2724; x_wconf 83' lang='grc' dir='ltr'>καινῆς</span> <span class='ocrx_word' id='word_1_167' title='bbox 631 2649 696 2708; x_wconf 75' lang='grc' dir='ltr'>δὲ</span> <span class='ocrx_word' id='word_1_168' title='bbox 724 2647 953 2725; x_wconf 83' lang='grc' dir='ltr'>νύμφης</span> <span class='ocrx_word' id='word_1_169' title='bbox 986 2644 1160 2728; x_wconf 80' lang='grc' dir='ltr'>ἱμέρῳ</span> <span class='ocrx_word' id='word_1_170' title='bbox 1191 2645 1620 2726; x_wconf 86' lang='grc' dir='ltr'>πεπληγμένος,</span> 
     </span>
    </p>

    <p class='ocr_par' dir='ltr' id='par_1_14' title="bbox 403 2729 1801 2896">
     <span class='ocr_line' id='line_1_29' title="bbox 403 2729 1801 2814; baseline 0.002 -22"><span class='ocrx_word' id='word_1_171' title='bbox 403 2732 525 2793; x_wconf 80' lang='grc' dir='ltr'>οὐδ’</span> <span class='ocrx_word' id='word_1_172' title='bbox 559 2734 640 2796; x_wconf 86' lang='grc' dir='ltr'>εἷς</span> <span class='ocrx_word' id='word_1_173' title='bbox 671 2731 927 2810; x_wconf 83' lang='grc' dir='ltr'>ἅμιλλαν</span> <span class='ocrx_word' id='word_1_174' title='bbox 953 2729 1315 2799; x_wconf 79' lang='grc' dir='ltr'>πολύτεκνον</span> <span class='ocrx_word' id='word_1_175' title='bbox 1344 2731 1605 2809; x_wconf 83' lang='grc' dir='ltr'>σπουδὴν</span> <span class='ocrx_word' id='word_1_176' title='bbox 1627 2732 1801 2814; x_wconf 88' lang='grc' dir='ltr'>ἔχων·</span> 
     </span>
     <span class='ocr_line' id='line_1_30' title="bbox 406 2814 1562 2896; baseline 0.002 -20"><span class='ocrx_word' id='word_1_177' title='bbox 406 2814 538 2879; x_wconf 79' lang='grc' dir='ltr'>ἅλις</span> <span class='ocrx_word' id='word_1_178' title='bbox 567 2816 678 2895; x_wconf 77' lang='grc' dir='ltr'>γὰρ</span> <span class='ocrx_word' id='word_1_179' title='bbox 708 2816 765 2875; x_wconf 83' lang='grc' dir='ltr'>οἱ</span> <span class='ocrx_word' id='word_1_180' title='bbox 794 2818 1047 2895; x_wconf 81' lang='grc' dir='ltr'>γεγῶτες</span> <span class='ocrx_word' id='word_1_181' title='bbox 1075 2814 1209 2875; x_wconf 77' lang='grc' dir='ltr'>οὐδὲ</span> <span class='ocrx_word' id='word_1_182' title='bbox 1236 2814 1562 2896; x_wconf 85' lang='grc' dir='ltr'>μέμφομαι·</span> 
     </span>
    </p>

    <p class='ocr_par' dir='ltr' id='par_1_15' title="bbox 400 2897 1819 3568">
     <span class='ocr_line' id='line_1_31' title="bbox 402 2897 1790 2976; baseline -0.001 -15"><span class='ocrx_word' id='word_1_183' title='bbox 402 2898 537 2961; x_wconf 83' lang='grc' dir='ltr'>ἀλλ’</span> <span class='ocrx_word' id='word_1_184' title='bbox 572 2898 668 2968; x_wconf 84' lang='grc' dir='ltr'>ὣς,</span> <span class='ocrx_word' id='word_1_185' title='bbox 702 2898 769 2960; x_wconf 83' lang='grc' dir='ltr'>τὸ</span> <span class='ocrx_word' id='word_1_186' title='bbox 795 2901 904 2974; x_wconf 79' lang='grc' dir='ltr'>μὲν</span> <span class='ocrx_word' id='word_1_187' title='bbox 931 2897 1229 2976; x_wconf 87' lang='grc' dir='ltr'>μέγιστον,</span> <span class='ocrx_word' id='word_1_188' title='bbox 1262 2903 1518 2976; x_wconf 80' lang='grc' dir='ltr'>οἰκοῖμεν</span> <span class='ocrx_word' id='word_1_189' title='bbox 1547 2906 1790 2971; x_wconf 87' lang='grc' dir='ltr'>καλῶς,.</span> 
     </span>
     <span class='ocr_line' id='line_1_32' title="bbox 403 2981 1615 3062; baseline 0.003 -18"><span class='ocrx_word' id='word_1_190' title='bbox 403 2985 496 3047; x_wconf 81' lang='grc' dir='ltr'>καὶ</span> <span class='ocrx_word' id='word_1_191' title='bbox 523 2981 604 3062; x_wconf 80' lang='grc' dir='ltr'>μὴ</span> <span class='ocrx_word' id='word_1_192' title='bbox 635 2982 1118 3060; x_wconf 81' lang='grc' dir='ltr'>σπανιζοίμεσθα,</span> <span class='ocrx_word' id='word_1_193' title='bbox 1147 2983 1495 3061; x_wconf 80' lang='grc' dir='ltr'>γιγνώσκων</span> <span class='ocrx_word' id='word_1_194' title='bbox 1523 2984 1615 3048; x_wconf 83' lang='grc' dir='ltr'>ὅτι</span> 
     </span>
     <span class='ocr_line' id='line_1_33' title="bbox 401 3067 1641 3149; baseline 0.001 -20"><span class='ocrx_word' id='word_1_195' title='bbox 401 3067 623 3146; x_wconf 88' lang='grc' dir='ltr'>πένητα</span> <span class='ocrx_word' id='word_1_196' title='bbox 652 3069 865 3148; x_wconf 89' lang='grc' dir='ltr'>φεύγει</span> <span class='ocrx_word' id='word_1_197' title='bbox 894 3071 1007 3132; x_wconf 83' lang='grc' dir='ltr'>πᾶς</span> <span class='ocrx_word' id='word_1_198' title='bbox 1036 3091 1125 3132; x_wconf 88' lang='grc' dir='ltr'>τις</span> <span class='ocrx_word' id='word_1_199' title='bbox 1153 3068 1415 3130; x_wconf 81' lang='grc' dir='ltr'>ἐκποδὼν</span> <span class='ocrx_word' id='word_1_200' title='bbox 1443 3070 1641 3149; x_wconf 86' lang='grc' dir='ltr'>φίλος,</span> 
     </span>
     <span class='ocr_line' id='line_1_34' title="bbox 400 3149 1639 3232; baseline 0.003 -18"><span class='ocrx_word' id='word_1_201' title='bbox 400 3157 611 3218; x_wconf 84' lang='grc' dir='ltr'>παῖδας</span> <span class='ocrx_word' id='word_1_202' title='bbox 640 3155 706 3215; x_wconf 77' lang='grc' dir='ltr'>δὲ</span> <span class='ocrx_word' id='word_1_203' title='bbox 735 3149 1013 3231; x_wconf 79' lang='grc' dir='ltr'>θρέψαιμ.’</span> <span class='ocrx_word' id='word_1_204' title='bbox 1039 3150 1216 3227; x_wconf 80' lang='grc' dir='ltr'>ἀξίως</span> <span class='ocrx_word' id='word_1_205' title='bbox 1244 3152 1438 3231; x_wconf 90' lang='grc' dir='ltr'>δόμων</span> <span class='ocrx_word' id='word_1_206' title='bbox 1467 3157 1639 3232; x_wconf 80' lang='grc' dir='ltr'>ἐμῶν,</span> 
     </span>
     <span class='ocr_line' id='line_1_35' title="bbox 401 3236 1819 3317; baseline 0.005 -19"><span class='ocrx_word' id='word_1_207' title='bbox 401 3238 646 3317; x_wconf 83' lang='grc' dir='ltr'>σπείρας</span> <span class='ocrx_word' id='word_1_208' title='bbox 673 3237 728 3299; x_wconf 83' lang='grc' dir='ltr'>τ’</span> <span class='ocrx_word' id='word_1_209' title='bbox 754 3236 1050 3315; x_wconf 82' lang='grc' dir='ltr'>ἀδελφοὺς</span> <span class='ocrx_word' id='word_1_210' title='bbox 1077 3241 1273 3297; x_wconf 82' lang='grc' dir='ltr'>τοῖσιν</span> <span class='ocrx_word' id='word_1_211' title='bbox 1300 3236 1365 3296; x_wconf 81' lang='grc' dir='ltr'>ἐκ</span> <span class='ocrx_word' id='word_1_212' title='bbox 1394 3236 1570 3300; x_wconf 90' lang='grc' dir='ltr'>σέθεν</span> <span class='ocrx_word' id='word_1_213' title='bbox 1597 3251 1819 3307; x_wconf 84' lang='grc' dir='ltr'>τεκνοις</span> 
     </span>
     <span class='ocr_line' id='line_1_36' title="bbox 403 3317 1590 3401; baseline 0.003 -18"><span class='ocrx_word' id='word_1_214' title='bbox 403 3323 463 3386; x_wconf 79' lang='grc' dir='ltr'>ἐς</span> <span class='ocrx_word' id='word_1_215' title='bbox 491 3321 666 3385; x_wconf 78' lang='grc' dir='ltr'>ταύτὸ</span> <span class='ocrx_word' id='word_1_216' title='bbox 688 3322 867 3397; x_wconf 85' lang='grc' dir='ltr'>θείην,</span> <span class='ocrx_word' id='word_1_217' title='bbox 901 3320 995 3381; x_wconf 88' lang='grc' dir='ltr'>καὶ</span> <span class='ocrx_word' id='word_1_218' title='bbox 1026 3317 1391 3395; x_wconf 75' lang='grc' dir='ltr'>ξυναρτήσας</span> <span class='ocrx_word' id='word_1_219' title='bbox 1419 3319 1590 3401; x_wconf 88' lang='grc' dir='ltr'>γένος</span> 
     </span>
     <span class='ocr_line' id='line_1_37' title="bbox 401 3404 1738 3488; baseline 0.001 -20"><span class='ocrx_word' id='word_1_220' title='bbox 401 3405 823 3484; x_wconf 75' lang='grc' dir='ltr'>εὐδαιμονοίην.</span> <span class='ocrx_word' id='word_1_221' title='bbox 913 3404 1016 3465; x_wconf 90' lang='grc' dir='ltr'>σοί</span> <span class='ocrx_word' id='word_1_222' title='bbox 1038 3428 1104 3467; x_wconf 88' lang='grc' dir='ltr'>τε</span> <span class='ocrx_word' id='word_1_223' title='bbox 1134 3406 1245 3484; x_wconf 83' lang='grc' dir='ltr'>γᾶρ</span> <span class='ocrx_word' id='word_1_224' title='bbox 1276 3405 1500 3468; x_wconf 90' lang='grc' dir='ltr'>παίδων</span> <span class='ocrx_word' id='word_1_225' title='bbox 1527 3409 1589 3470; x_wconf 91' lang='grc' dir='ltr'>τί</span> <span class='ocrx_word' id='word_1_226' title='bbox 1613 3413 1738 3488; x_wconf 66' lang='grc' dir='ltr'>δεῖς</span> 
     </span>
     <span class='ocr_line' id='line_1_38' title="bbox 404 3489 1574 3568; baseline 0.005 -16"><span class='ocrx_word' id='word_1_227' title='bbox 404 3492 541 3566; x_wconf 81' lang='grc' dir='ltr'>ἐμοί</span> <span class='ocrx_word' id='word_1_228' title='bbox 560 3514 627 3553; x_wconf 87' lang='grc' dir='ltr'>τε</span> <span class='ocrx_word' id='word_1_229' title='bbox 653 3492 782 3556; x_wconf 86' lang='grc' dir='ltr'>λύει</span> <span class='ocrx_word' id='word_1_230' title='bbox 811 3493 969 3552; x_wconf 82' lang='grc' dir='ltr'>τοῖσι</span> <span class='ocrx_word' id='word_1_231' title='bbox 995 3489 1325 3568; x_wconf 88' lang='grc' dir='ltr'>μέλλουσιν</span> <span class='ocrx_word' id='word_1_232' title='bbox 1353 3489 1574 3558; x_wconf 89' lang='grc' dir='ltr'>τέκνοις</span> 
     </span>
    </p>

    <p class='ocr_par' dir='ltr' id='par_1_16' title="bbox 401 3571 1824 3744">
     <span class='ocr_line' id='line_1_39' title="bbox 401 3571 1824 3658; baseline 0.005 -22"><span class='ocrx_word' id='word_1_233' title='bbox 401 3574 477 3636; x_wconf 81' lang='grc' dir='ltr'>τδ.</span> <span class='ocrx_word' id='word_1_234' title='bbox 503 3571 661 3650; x_wconf 77' lang='grc' dir='ltr'>ζῶντ’</span> <span class='ocrx_word' id='word_1_235' title='bbox 695 3576 922 3651; x_wconf 82' lang='grc' dir='ltr'>ὀνῆσαι.</span> <span class='ocrx_word' id='word_1_236' title='bbox 1010 3579 1134 3654; x_wconf 91' lang='grc' dir='ltr'>μῶν</span> <span class='ocrx_word' id='word_1_237' title='bbox 1159 3576 1569 3658; x_wconf 89' lang='grc' dir='ltr'>βεβούλευμαι</span> <span class='ocrx_word' id='word_1_238' title='bbox 1599 3582 1783 3644; x_wconf 86' lang='grc' dir='ltr'>κακῶς</span> <span class='ocrx_word' id='word_1_239' title='bbox 1803 3606 1824 3657; x_wconf 77' lang='lat'>3</span> 
     </span>
     <span class='ocr_line' id='line_1_40' title="bbox 404 3656 1700 3744; baseline 0.002 -21"><span class='ocrx_word' id='word_1_240' title='bbox 404 3659 527 3723; x_wconf 75' lang='grc' dir='ltr'>οὐδ’</span> <span class='ocrx_word' id='word_1_241' title='bbox 558 3656 631 3723; x_wconf 77' lang='grc' dir='ltr'>ἂν</span> <span class='ocrx_word' id='word_1_242' title='bbox 660 3660 738 3723; x_wconf 79' lang='grc' dir='ltr'>σὺ</span> <span class='ocrx_word' id='word_1_243' title='bbox 767 3659 964 3739; x_wconf 86' lang='grc' dir='ltr'>φαίης,</span> <span class='ocrx_word' id='word_1_244' title='bbox 998 3660 1054 3723; x_wconf 79' lang='grc' dir='ltr'>εἴ</span> <span class='ocrx_word' id='word_1_245' title='bbox 1081 3684 1153 3723; x_wconf 92' lang='grc' dir='ltr'>σε</span> <span class='ocrx_word' id='word_1_246' title='bbox 1179 3658 1260 3741; x_wconf 78' lang='grc' dir='ltr'>μὴ</span> <span class='ocrx_word' id='word_1_247' title='bbox 1293 3660 1472 3737; x_wconf 79' lang='grc' dir='ltr'>κνίζοι</span> <span class='ocrx_word' id='word_1_248' title='bbox 1500 3661 1700 3744; x_wconf 88' lang='grc' dir='ltr'>λέχος.</span> 
     </span>
    </p>
   </div>
   <div class='ocr_carea' id='block_1_5' title="bbox 2099 461 2207 509">
    <p class='ocr_par' dir='ltr' id='par_1_17' title="bbox 2099 461 2207 509">
     <span class='ocr_line' id='line_1_41' title="bbox 2099 461 2207 509; baseline 0.009 -1"><span class='ocrx_word' id='word_1_249' title='bbox 2099 461 2207 509; x_wconf 81' lang='grc'>530</span> 
     </span>
    </p>
   </div>
   <div class='ocr_carea' id='block_1_6' title="bbox 2099 886 2203 932">
    <p class='ocr_par' dir='ltr' id='par_1_18' title="bbox 2099 886 2203 932">
     <span class='ocr_line' id='line_1_42' title="bbox 2099 886 2203 932; baseline 0 0"><span class='ocrx_word' id='word_1_250' title='bbox 2099 886 2203 932; x_wconf 72' lang='grc'>535</span> 
     </span>
    </p>
   </div>
   <div class='ocr_carea' id='block_1_7' title="bbox 2100 1310 2209 1356">
    <p class='ocr_par' dir='ltr' id='par_1_19' title="bbox 2100 1310 2209 1356">
     <span class='ocr_line' id='line_1_43' title="bbox 2100 1310 2209 1356; baseline 0 0"><span class='ocrx_word' id='word_1_251' title='bbox 2100 1310 2209 1356; x_wconf 71' lang='lat'>540</span> 
     </span>
    </p>
   </div>
   <div class='ocr_carea' id='block_1_8' title="bbox 2099 1732 2202 1779">
    <p class='ocr_par' dir='ltr' id='par_1_20' title="bbox 2099 1732 2202 1779">
     <span class='ocr_line' id='line_1_44' title="bbox 2099 1732 2202 1779; baseline 0.01 -1"><span class='ocrx_word' id='word_1_252' title='bbox 2099 1732 2202 1779; x_wconf 78' lang='lat'>5-15</span> 
     </span>
    </p>
   </div>
   <div class='ocr_carea' id='block_1_9' title="bbox 2101 2156 2198 2204">
    <p class='ocr_par' dir='ltr' id='par_1_21' title="bbox 2101 2156 2198 2204">
     <span class='ocr_line' id='line_1_45' title="bbox 2101 2156 2198 2204; baseline 0.021 -2"><span class='ocrx_word' id='word_1_253' title='bbox 2101 2156 2198 2204; x_wconf 69' lang='lat'>550</span> 
     </span>
    </p>
   </div>
   <div class='ocr_carea' id='block_1_10' title="bbox 2099 2580 2200 2627">
    <p class='ocr_par' dir='ltr' id='par_1_22' title="bbox 2099 2580 2200 2627">
     <span class='ocr_line' id='line_1_46' title="bbox 2099 2580 2200 2627; baseline 0 0"><span class='ocrx_word' id='word_1_254' title='bbox 2099 2580 2200 2627; x_wconf 83' lang='lat'>555</span> 
     </span>
    </p>
   </div>
   <div class='ocr_carea' id='block_1_11' title="bbox 2100 3421 2204 3475">
    <p class='ocr_par' dir='ltr' id='par_1_23' title="bbox 2100 3421 2204 3475">
     <span class='ocr_line' id='line_1_47' title="bbox 2100 3421 2204 3475; baseline 0.019 -2"><span class='ocrx_word' id='word_1_255' title='bbox 2100 3421 2204 3475; x_wconf 70' lang='lat'>565</span> 
     </span>
    </p>
   </div>
  </div>
 </body>
</html>
