2492 4092
1144 343 1399 391 mmmm

448 487 888 569 γενησόμεσθα,
918 486 1037 550 κείς
1059 483 1196 547 ὁδὸν
1223 481 1590 561 βεβήκαμεν·

408 582 412 587 ’
449 578 556 639 νῦν
584 577 637 635 δ’
666 571 836 638 ἐλπὶς
866 569 1110 653 ἐχθροὺς
1140 567 1275 635 τοὺς
1303 568 1474 645 ἐμοὺς
1501 567 1692 630 τίσειν
1721 564 1909 644 δίκην.

448 657 619 722 οὗτος
650 658 761 738 γὰρ
791 654 934 735 ἁνὴρ
962 652 998 740 ᾖ
1029 653 1273 734 μάλιστ’
1307 650 1630 731 ἐκάμνομεν

449 741 629 821 λιμὴν
657 742 949 822 πέφανται
976 746 1089 801 τῶν
1117 740 1273 816 ἐμῶν
1299 734 1740 815 βουλευμάτων·

446 827 516 889 ἐκ
544 829 698 889 τοῦδ’
727 827 1120 905 ἆναψόμεσθα
1147 821 1482 902 πρυμνήτην
1512 819 1727 893 κάλων,

447 912 733 989 μολόντες
763 910 910 972 ἄστυ
940 909 1033 972 καὶ
1062 909 1332 986 πόλισμα
1360 905 1701 971 Παλλάδος.

445 994 558 1072 ἤδη
590 997 654 1057 δὲ
683 994 873 1059 πάντα
901 993 1055 1073 τάμά
1085 1018 1183 1056 σοι
1205 993 1586 1071 βουλεύματα

443 1079 623 1156 λέξω·
669 1078 844 1160 δέχου
874 1082 939 1142 δὲ
979 1078 1058 1159 μὴ
1089 1077 1232 1158 πρὸς
1261 1075 1473 1153 ἡδονὴν
1500 1077 1733 1155 λόγους.

444 1163 719 1245 πέμψαο)
750 1166 903 1243 ἐμῶν
932 1164 1039 1227 τιν’
1070 1167 1312 1227 οἰκετῶν
1341 1160 1581 1224 Ἰάσονα

445 1252 533 1314 εἰς
564 1251 710 1329 ὄψιν
739 1252 936 1313 ἐλθεῖν
962 1247 1068 1324 τὴν
1098 1248 1241 1325 ἐμὴν
1271 1245 1601 1326 αἰτήσομαι·

442 1334 692 1411 μολόντι
721 1334 774 1394 δ’
806 1334 958 1415 αὐτῷ
980 1331 1315 1409 μαλθακοὺς
1343 1329 1497 1405 λέξω
1525 1333 1761 1409 λόγους,

447 1417 526 1482 ὣς
558 1418 650 1480 καὶ
680 1421 845 1479 δοκεῖ
866 1441 967 1494 μοι
990 1421 1171 1479 ταῦτα
1199 1416 1294 1477 καὶ
1326 1419 1518 1478 καλῶς
1548 1414 1696 1493 ἔχει,

445 1502 672 1582 γάμους
698 1500 1010 1582 τυράννων,
1044 1500 1146 1565 οὓς
1175 1498 1423 1580 προδοὺς
1451 1498 1600 1576 ἡμᾶς
1631 1499 1774 1578 ἔχει,

447 1588 545 1649 καὶ
575 1584 822 1667 ξύμφορ’
857 1586 1006 1650 εἶναι
1035 1585 1128 1650 καὶ
1159 1592 1353 1650 καλῶς
1383 1585 1743 1664 ἐγνωσμένα·

443 1676 659 1737 παῖδας
688 1676 754 1735 δὲ
779 1675 973 1751 μεῖναι
1000 1670 1135 1736 τοὺς
1165 1670 1337 1748 ἐμοὺς
1367 1667 1700 1746 αἰτήσομαι,

445 1757 561 1840 οὐχ
594 1756 668 1823 ὦς
697 1763 962 1821 λιποῦσα
989 1757 1276 1834 πολεμίας
1306 1754 1402 1817 ἐπὶ
1432 1752 1665 1834 χθονὸς,

444 1843 718 1924 ἐχθροῖσι
746 1844 957 1907 παῖδας
984 1840 1120 1907 τοὺς
1150 1842 1323 1920 ἐμοὺς
1352 1840 1723 1918 καθυβρίσαι,

447 1927 591 1989 ἀλλ’
623 1929 701 1994 ὧς
730 1928 964 1991 δόλοισι
992 1930 1173 1989 παῖδα
1199 1926 1507 2004 βασιλέως
1539 1923 1748 1987 κτάνω.

446 2009 667 2093 πέμψω
694 2013 808 2092 γὰρ
838 2011 1047 2076 αὐτοὺς
1077 2015 1210 2090 δῶρ’
1240 2011 1488 2092 ἔχοντας
1520 2011 1583 2071 ἐν
1611 2014 1834 2090 χεροῖν,

385 2109 392 2114 “
450 2096 650 2181 νύμφῃ
679 2095 985 2175 φέροντας,
1013 2096 1186 2171 τήνδε
1212 2095 1307 2174 μὴ,
1325 2096 1566 2173 φεύγειν
1594 2094 1800 2173 χθόνα,

449 2180 672 2243 λεπτόν
688 2204 753 2243 τε
781 2180 1016 2244 πέπλον
1044 2178 1139 2240 καὶ
1168 2181 1394 2241 πλόκον
1431 2177 1825 2257 χρυσήλατον·

451 2264 671 2344 κᾶνπερ
700 2269 980 2342 λαβοῦσα
1010 2263 1234 2341 κόσμον
1266 2264 1490 2345 ἆμφιθῇ
1523 2261 1676 2341 χροῒ,

452 2353 641 2415 κακῶς
671 2350 898 2415 ὀλεῖται
927 2351 1040 2414 πᾶς
1071 2347 1119 2409 θ’
1154 2347 1215 2412 ὃς
1237 2346 1311 2409 ἂν
1342 2348 1474 2430 θίγῃ
1507 2347 1699 2427 κόρης·

449 2438 711 2499 τοιοῖσδε
738 2435 929 2516 χρίσω
960 2432 1290 2514 φαρμάκοις
1326 2429 1652 2512 δωρήματα.

451 2520 704 2582 ἐνταῦθα
729 2519 934 2598 μέντοι
962 2520 1119 2581 τόνδ’
1151 2515 1528 2580 ἇπαλλάσσω
1559 2517 1764 2597 λόγον·

450 2602 674 2688 ᾤμωξα
701 2603 749 2666 δ’
784 2605 910 2667 οἷον
939 2602 1113 2685 ἔργον
1142 2603 1265 2666 ἔστ’
1298 2600 1618 2683 ἐργαστέον

452 2689 798 2752 τούντεῦθεν
816 2687 979 2765 ἡμῖν·
1021 2687 1194 2751 τέκνα
1223 2689 1335 2767 γᾶρ
1360 2691 1685 2750 κατακτενῶ

451 2772 618 2849 τᾶμ’·
660 2772 815 2837 οὔτις
843 2773 1007 2834 ἐστὶν
1035 2773 1199 2836 ὅστις
1228 2770 1618 2850 ἐξαιρήσεται·

455 2857 640 2932 δόμον
667 2880 734 2919 τε
762 2854 953 2919 πάντα
984 2854 1279 2935 συγχέασ’
1308 2853 1580 2918 Ἰάσονος

457 2939 646 3018 ἔξειμι
674 2942 867 3020 γαίας,
903 2940 1207 3020 φιλτάτων
1227 2940 1453 3003 παίδων
1482 2938 1672 3018 φόνον

458 3025 768 3106 φεύγουσα
790 3026 885 3088 καὶ
913 3023 1094 3088 fficio-²
1127 3022 1304 3105 ἔργον
1333 3024 1754 3088 ἀνοσιώτατον.

458 3112 529 3174 οὗ
558 3112 670 3193 γὰρ
698 3110 997 3192 γελᾶσθαι
1025 3108 1243 3187 τλητὸν
1273 3107 1344 3185 ἐξ
1366 3110 1614 3190 ἐχθρῶν,
1644 3109 1839 3188 φίλαι.

389 3212 400 3220 “
455 3198 589 3258 ἴτω·
630 3197 694 3259 τί
707 3220 812 3274 μοι
841 3194 945 3272 ζῆν
973 3193 1171 3273 κέρδος
1194 3218 1211 3271 ;
1257 3196 1392 3258 οὔτε
1418 3219 1519 3271 μοι
1548 3193 1753 3273 πατρὶς

459 3280 583 3343 οὔτ)
615 3279 773 3346 οἶκός
804 3281 969 3344 ἐστιν
996 3279 1117 3343 οὔτ’
1151 3278 1503 3360 ἀποστροφὴ
1527 3283 1735 3344 κακῶν.

459 3365 796 3447 ἡμάρτανον
822 3366 948 3428 τόθ’
978 3363 1128 3441 ἡνίκ’
1161 3362 1552 3441 ἐξελίμπανον

460 3451 674 3530 δόμους
703 3447 1023 3534 πατρῴους,
1059 3449 1266 3528 ἀνδρὸς
1286 3447 1587 3525 Ἕλληνος
1614 3450 1819 3530 λόγοις

461 3536 781 3614 πεισθεῖσ),
809 3534 873 3601 ὃς
900 3536 1039 3612 ἡμῖν
1070 3532 1176 3611 ξὺν
1197 3533 1310 3618 θεῷ
1340 3533 1494 3597 τίσει
1523 3539 1708 3612 δίκην.

461 3619 586 3682 οὔτ’
617 3617 689 3696 ἐξ
711 3620 853 3699 ἐμοῦ
881 3624 994 3701 γὰρ
1023 3621 1237 3684 παῖδας
1269 3620 1488 3698 ὄψεταί
1505 3644 1652 3684 ποτε

467 3702 679 3780 ζῶντας
707 3703 777 3766 τὸ
805 3703 1017 3767 λοιπὸν
1046 3703 1178 3768 οὔτε
1205 3706 1311 3782 τῆς
1338 3704 1615 3783 νεοζύγου

2168 331 2266 385 108

2147 827 2254 886 7⁷⁰

2074 1233 2083 1241 ⁶
2148 1255 2252 1309 77⁵

2146 1676 2252 1733 780

2151 2102 2257 2159 785

2152 2527 2258 2584 790

2157 2950 2261 3008 795

2160 3378 2266 3427 800
