2492 4092
1092 304 1416 348 ΕΥΡΙΠΙΔΟΥ

437 442 585 522 μηδὲ
612 437 989 520 προσέλθητζ
1023 438 1183 500 ἀλλὰ
1210 434 1592 517 φυλάσσεσθ

439 526 642 605 ἄγριον
670 524 812 602 ἦθος
839 520 1130 603 στυγεράν
1155 547 1223 585 τε
1253 520 1439 601 φυσιν

439 610 655 690 φρενὸς
684 607 984 674 αὐθάδους.

436 698 526 758 ἵτε
555 719 658 757 νυν
685 694 921 775 χωρεῖθ’
956 692 1032 758 ὣς
1059 689 1240 773 τάχος
1272 693 1434 754 εἵσω.

438 781 619 856 δῆλον
647 782 700 840 δ’
733 779 917 858 ἀρχῆς
946 777 1335 855 ἑξαιρόμενον

436 863 616 941 νέφος
645 861 963 942 οἰμωγῆςε
932 887 1009 927 ως
1037 859 1172 941 τάχ’
1205 861 1428 940 ἀνάψει

433 946 653 1025 μείζονι
683 948 863 1031 θυμῷ·
908 947 971 1008 τί
993 947 1125 1007 ποτ’
1157 943 1470 1027 ἐργάσεται

433 1035 1010 1111 μεγαλόσπλαγχνος
1038 1027 1556 1094 δυσκατάπαυστος

432 1116 600 1196 ψυχὴ
632 1119 920 1198 δηχθεῖσα
949 1120 1257 1178 κακοῖσιν·
1235 1162 1257 1192 ,

269 1206 330 1262 Μ
340 1207 421 1262 H.
444 1201 584 1271 αἰαῖ,

263 1628 379 1686 ΤΡ.

264 2970 396 3037 XO.

259 3564 378 3623 ΤΡ.

434 1283 655 1349 ἔπαθον
684 1283 921 1363 τλάμων
952 1286 1172 1348 ἔπαθον
1198 1282 1477 1365 μεγάλων

431 1368 547 1445 ἄξι’
580 1373 866 1450 ὀδυρμῶν·
909 1367 955 1431 ὦ
988 1367 1300 1449 κατάρατοι

433 1460 637 1521 παῖδες
666 1457 909 1518 ὄλοισθε
939 1457 1222 1533 στυγερᾶς
1250 1452 1466 1534 ματρὸς

434 1537 540 1615 ξὺν
567 1544 760 1619 πατρὶ,
794 1540 888 1602 καὶ
916 1543 1028 1603 πᾶς
1059 1542 1234 1618 δόμος
1265 1538 1440 1618 ἔρροι.

437 1625 503 1685 ld»
535 1626 639 1701 μοί
660 1649 783 1701 μοι.
873 1623 939 1685 ἰὼ
969 1620 1218 1701 τλήμων.

433 1733 490 1768 τι
479 1707 582 1769 ’δέ
611 1734 710 1770 σοι
739 1713 943 1772 παῖδες
970 1707 1188 1785 πατρὸς
1218 1707 1550 1784 ἀμπλακίας

432 1793 789 1872 μετέχουσι;
833 1792 895 1852 τί
920 1792 1115 1853 τούσδ’
1146 1791 1375 1871 ἔχθεις;
1422 1793 1594 1869 οἴμοι,

432 1876 623 1947 τέκνα,
656 1878 737 1954 μή
766 1900 823 1937 τι
852 1864 1129 1951 πάθηθἰ
1098 1900 1174 1941 ως
1202 1877 1532 1956 ὑπεραλγῶ.

432 1963 591 2024 δεινὰ
619 1959 912 2040 τυράννων
940 1958 1196 2038 λήματα,
1232 1965 1332 2023 καί
1355 1985 1478 2027 πως

432 2046 586 2126 ὀλίγ’
619 2047 951 2126 ἀρχόμενοι,
986 2050 1187 2108 πολλὰ
1215 2053 1573 2123 κρατοῦντες,

427 2137 706 2211 χαλεπῶς
737 2133 912 2211 ὀργὰς
940 2128 1443 2209 μεταβάλλουσιν.

432 2215 499 2278 τὸ
526 2218 637 2296 γὰρ
669 2217 921 2279 εἰθίσθαι
954 2217 1053 2294 ζῆν
1083 2217 1176 2278 ἐπ’
1208 2219 1432 2280 ἵσοισιν

433 2306 727 2378 κρεῖσσον·
771 2300 959 2379 ἔμοιγ’
993 2301 1112 2372 οὖν,
1148 2302 1202 2362 εἰ
1227 2303 1308 2379 μὴ
1336 2301 1630 2380 μεγάλως.

431 2385 655 2464 ὀχυρῶς
685 2387 741 2463 γ’
774 2387 861 2459 εἵη
894 2383 1377 2462 καταγηράσκειν.

431 2473 547 2530 τῶν
575 2470 686 2546 γὰρ
714 2471 963 2545 μετρίων
992 2474 1191 2545 πρῶτα
1217 2470 1327 2545 μὲν
1356 2469 1543 2530 εἰπεῖν

431 2551 686 2630 τουνομα
714 2551 865 2632 νικᾷ,
897 2553 1160 2630 χρῆσθαί
1182 2575 1249 2613 τε
1274 2556 1473 2633 μακρῷ

431 2636 638 2719 λῷστα
664 2642 997 2714 βροτοῖσιν·
1039 2640 1112 2697 τὰ
1140 2636 1192 2695 δ’
1224 2636 1659 2713 ὑπερβάλλοντ’

432 2697 640 2784 οὐδένα
669 2721 868 2799 καιρὸν
896 2719 1132 2785 δύναται
1160 2724 1415 2796 θνητοῖς·
1486 2762 1487 2765 ¹

429 2804 663 2882 μείζους
693 2805 742 2865 δ’
775 2806 983 2870 &ras-⁹
948 2829 1089 2868 οταν
1118 2806 1364 2891 ὀργισθῇ

430 2893 654 2967 δαίμων
682 2891 861 2955 οἴκοις
891 2888 1203 2953 ἆπέδωκεν.

431 2972 639 3036 ἔκλυον
669 2977 889 3051 φωνὰν,
923 2976 1132 3039 ἔκλυον
1160 2975 1224 3036 δὲ
1253 2977 1409 3053 βοᾶν

428 3061 532 3122 τᾶς
560 3056 850 3122 δυστάνου

432 3145 745 3222 Κολχίδος,
776 3141 1026 3204 οὐδέπω
1056 3143 1247 3220 ἤπιος·
1295 3137 1472 3213 ἀλλὰ,
1506 3144 1732 3222 γεραιὰ,

430 3223 628 3302 λέξον·
714 3227 807 3289 ἐπ’
853 3227 1195 3306 ἀμφιπόλου
1244 3222 1358 3306 γὰρ
1409 3227 1529 3289 ἔσω
1579 3224 1877 3307 μελάθρου
1913 3228 2057 3308 γόον

2043 3328 2162 3386 134,
2195 3328 2227 3376 5

513 3311 743 3373 ἔκλυον·

428 3394 562 3456 οὐδὲ
590 3391 930 3471 συνήδομαι,
962 3422 1008 3455 ω
1037 3396 1227 3474 γύναι,
1263 3398 1483 3477 ἄλγεσι
1517 3392 1800 3476 δώματος,

428 3478 563 3541 ἐπεί
583 3503 683 3558 μοι
713 3479 895 3556 φίλον
925 3476 1246 3557 κέκρανται.

430 3587 533 3624 ουκ
562 3563 678 3625 εἶσὶ
709 3561 899 3640 δόμοι·
943 3565 1171 3639 φροῦδα
1200 3564 1326 3624 τάδ’
1355 3565 1486 3642 ἤδη.

428 3644 531 3706 τὸν
558 3646 666 3722 μὲν
692 3648 805 3726 γὰρ
835 3645 962 3729 ἔχει
990 3643 1206 3727 λέκτρα
1235 3650 1551 3727 τυράννων.

2142 706 2246 757 los

2139 1129 2243 1179 no

2138 1638 2239 1687 11⁶

2137 2064 2234 2110 120

2137 2485 2231 2531 12⁵

2135 2907 2232 2954 130
