2492 4092
266 2600 271 2604 -
319 2564 372 2635 {a

1024 1058 1533 1151 ΜΗΔΕΙΑ.

1111 1527 1454 1588 ΤΡΟΦΟΣ.

457 1693 591 1758 Εἴθ’
625 1692 812 1774 ὤφελ’
872 1696 1101 1775 Αργοῦς
1128 1718 1209 1771 μη
1240 1690 1593 1756 διαπτάσθαι
1624 1689 1859 1772 σκάφος

458 1780 718 1861 Κόλχων
746 1780 806 1844 ἐς
835 1777 973 1843 αἶαν
1002 1780 1241 1867 κυανέας
1272 1774 1721 1858 Συμπληγάδας

457 1867 593 1941 μηδ’
627 1865 691 1926 ἐν
717 1862 962 1928 νάπαισι
992 1854 1224 1941 Πηλίου
1254 1870 1462 1927 πεσεῖν
1490 1886 1636 1927 ποτε

455 1953 745 2027 τμηθεῖσα
773 1948 972 2024 πεύκη,
1006 1952 1136 2026 μηδ’
1170 1951 1494 2027 έρετμῶσαι
1521 1947 1701 2030 χέρας

456 2032 682 2110 ἀνδρῶν
711 2030 1013 2111 ἀριστέων,
1048 2035 1108 2095 02¹
1133 2031 1199 2093 τὸ
1230 2032 1578 2114 πάγχρυσον
1607 2032 1770 2110 δέρος

460 2118 657 2223 Πελίᾳ
683 2118 993 2194 μετῆλθον.
1084 2117 1152 2179 οὗ
1179 2120 1292 2194 γὰρ
1325 2117 1396 2178 ἂν
1355 2059 1680 2178 χρ’δέσποιν
1709 2113 1817 2203 ἐμὴ

460 2199 694 2277 Μήδεια
721 2200 971 2280 πύργους
999 2201 1106 2280 γῆς
1138 2198 1376 2265 ἔπλευσ’
1407 2201 1689 2275 ’,Ιωλκίας

459 2283 632 2364 ἔρωτι
662 2283 844 2361 θυμὸν
873 2281 1211 2365 ἐκπλαγεῖσ’
1243 2281 1531 2355 Ἰάσονος,

455 2366 574 2431 οὐδ’
609 2368 682 2432 ἂν
713 2373 940 2432 κτανεῖν
969 2372 1231 2432 πείσασα
1263 2366 1564 2433 Πελιάδας
1598 2366 1771 2448 κόρας

455 2451 679 2531 πατέρα
709 2451 955 2538 κατῳκει
984 2451 1155 2531 τήνδε
1181 2456 1295 2534 γῆν
1324 2452 1643 2534 Κορινθίαν

456 2537 565 2614 ξὺν
594 2538 760 2618 ἀνδρὶ
790 2539 883 2601 καὶ
913 2537 1222 2649 τέκνοισιν,
1259 2537 1590 2601 ἆνδάνουσα
1616 2539 1725 2616 μὲν

458 2623 618 2730 φυγῇ
648 2624 971 2685 πολίτῶν
932 2648 1012 2685 ων
1003 2606 1285 2703 αφίκετο
1316 2624 1519 2705 χθόνα,

459 2705 604 2783 αὐτή
634 2730 701 2768 τε
727 2705 917 2771 ’πάντα
945 2705 1307 2785 συμφέρουσ’
1337 2706 1580 2778 Ἰάσονι,

457 2790 607 2869 ἥπερ
635 2789 886 2868 μεγίστη
914 2791 1179 2868 γίγνεται
1209 2791 1489 2867 σωτηρία,

458 2875 603 2951 ὅταν
633 2897 779 2953 γυνη
811 2873 950 2953 πρὸς
981 2872 1161 2952 ἄνδρα
1187 2872 1267 2951 μὴ
1298 2874 1637 2958 διχοστατῇ

457 2962 566 3022 νῦν
594 2960 648 3020 δ’
680 2959 862 3041 ἐχθρὰ
890 2955 1098 3027 πάντα,
1133 2959 1227 3019 καὶ
1259 2962 1426 3021 νοσεῖ
1451 2960 1524 3019 τὰ
1552 2961 1831 3036 φίλτατα.

457 3041 705 3122 προδοὺς
731 3047 843 3122 γὰρ
875 3045 1049 3106 αὑτοῦ
1078 3039 1251 3105 τέκνα
1281 3042 1556 3110 δεσπότιν
1583 3040 1629 3103 τ’
1665 3040 1807 3119 έμῆν

456 3126 665 3207 γάμοις
692 3125 908 3191 Ἰάσων
935 3132 1278 3205 βασιλικοῖς
1308 3125 1621 3203 εὐνάζεται,

458 3211 648 3289 γήμας
679 3210 970 3291 Κρέοντος
999 3209 1180 3287 παῖδ’,
1211 3209 1275 3275 ὃς
1306 3213 1562 3295 αἰσυμνᾷ
1593 3214 1828 3293 χθονός.

449 3295 681 3373 Μήδεια
710 3298 763 3358 δ’
795 3297 832 3375 ἡ
863 3297 1146 3374 δύστηνος
1173 3294 1536 3376 ἠτιμασμένη

454 3381 579 3463 βοᾷ
607 3381 781 3459 μέν”’
746 3406 970 3461 ορκους,
1001 3384 1283 3444 ἀνακαλεῖ
1309 3384 1373 3444 δὲ
1403 3381 1595 3458 δεξιᾶς

458 3466 655 3529 πίστιν
681 3466 986 3546 μεγίστην,
1018 3464 1111 3528 καὶ
1141 3466 1307 3531 θεοὺς
1333 3468 1679 3548 μαρτύρεται

456 3549 583 3614 οἵας
611 3550 866 3629 ἀμοιβῆς
895 3548 967 3628 ἐξ
989 3548 1254 3616 Ἰάσονος
1285 3558 1462 3631 κυρεῖ.

459 3638 644 3697 κεῖται
672 3638 723 3696 δ’
753 3636 976 3712 ἄσιτος,
1010 3633 1154 3715 σῶμ’
1185 3635 1385 3714 ὑφεῖσ’
1419 3637 1731 3716 ἀλγηδόσι,

2198 2465 2270 2516 lo

2198 2882 2265 2935 25
