2492 4092
1099 324 1314 367 EKABH.
2136 325 2198 373 33

394 455 497 518 οὐκ
526 453 599 519 ἂν
627 456 922 535 δυναίμην.
970 455 1108 519 ἀλλ’
1140 457 1268 520 ἐπεὶ
1298 458 1370 520 τᾶ
1395 455 1475 537 μὴ
1507 459 1659 519 καλὰ
2065 475 2197 522 1250

390 538 683 620 πράσσειν
713 542 983 620 ἐτόλμας,
1009 543 1180 618 τλῆθι
1213 544 1307 605 καὶ
1337 544 1409 603 τὰ
1435 541 1514 619 μὴ
1546 545 1716 622 φίλα.

218 627 538 688 ΠΟΛΤΜ.
584 627 760 705 οἴμοι,
787 624 1076 705 γυναικὸς,
1113 625 1190 692 ὦς
1219 624 1389 707 ἔοιχ’,
1422 626 1768 707 ἡσσώμενος

388 712 620 787 δούλης,
653 709 857 790 ὑφέξω
888 715 1011 775 τοῖς
1043 711 1309 774 κακίοσιν
1338 713 1522 788 δίκην.

216 798 338 856 ΑΓ.
375 795 581 858 οὔκουν
611 796 863 873 δικαίως,
897 797 1057 873 εἵπερ
1089 793 1352 876 εἰργάσω
1385 797 1565 873 κακά;

216 883 534 943 ΠΟΛΎΜ.
585 881 739 958 οἵμοι
767 880 985 943 τέκνων
1012 877 1176 943 τῶνδ’
1210 881 1488 959 ὀμμάτων
1515 882 1570 942 τ’
1601 883 1771 962 ἐμῶν,
1804 883 2012 948 τάλας·
2063 898 2191 946 1255

214 969 349 1025 ΕΚ.
400 965 627 1045 ἆλγεῖς·
669 966 733 1027 τί
757 966 810 1027 δ’
840 967 1022 1045 ἡμᾶς;
1067 964 1275 1029 παιδὸς
1307 965 1409 1028 οὐκ
1442 966 1650 1046 ἀλγεῖν
1677 971 1865 1034 δοκεῖς
1893 992 1909 1044 ;

216 1051 533 1112 ΠΟΛΎΜ.
580 1051 806 1132 χαίρεις
835 1048 1139 1130 ὑβρίζουσ’
1168 1052 1253 1115 εἰς
1283 1049 1387 1129 ἔμ’,
1423 1049 1469 1112 ὦ
1500 1056 1793 1132 πανοῦργε
1823 1051 1917 1114 σύ.

216 1134 461 1198 ΕΚ.οὗ
490 1132 603 1214 γάρ
633 1160 706 1213 με
726 1137 954 1215 χαίρειν
981 1134 1096 1216 χρή
1128 1159 1201 1198 σε
1229 1136 1703 1215 τιμωρουμένην;

106 1294 119 1302 ⁵
215 1221 534 1283 ΠΟΛΎΜ.
582 1220 720 1280 ἀλλ’
755 1221 823 1281 οὗ
853 1217 1009 1300 τάχ’,
1039 1220 1186 1297 ἡνίκ’
1220 1218 1293 1281 ἄι
1323 1245 1394 1282 σε
1423 1222 1633 1284 ποντία
1662 1222 1818 1287 νοτὶς

214 1308 345 1366 ΕΚ.
390 1308 517 1380 μῶν
544 1300 920 1387 ναυστολήσῃ
949 1306 1056 1382 γῆς
1087 1303 1255 1382 ὅρους
1282 1299 1669 1383 Ἑλληνίδος;
2061 1318 2193 1369 1260

215 1390 533 1451 ΠΟΛΎΜ.
575 1390 768 1472 κρύψῃ
797 1388 904 1464 μὲν
934 1387 1036 1451 οὖν
1063 1392 1369 1450 πεσοῦσαν
1399 1390 1462 1449 ἐκ
1495 1391 1845 1471 καρχησίων.

214 1476 345 1536 ΕΚ.
392 1471 537 1551 πρὸς
564 1477 668 1535 τοῦ
694 1449 910 1550 βιαίων
937 1469 1350 1552 τυγχάνουσαν
1379 1470 1693 1552 ἇλμάτων;

214 1558 531 1620 ΠΟΛΤΜ.
577 1556 721 1635 αὐτὴ
750 1556 895 1637 πρὸς
926 1557 1092 1621 ἰστὸν
1120 1556 1259 1621 ναὸς
1287 1556 1549 1635 ἆμβήσει
1577 1560 1732 1622 ποδί.

214 1645 342 1704 ΕΚ.
389 1643 736 1721 ὑποπτέροις
766 1642 1057 1713 νώτοισιν,
1091 1639 1128 1718 ἢ
1159 1643 1307 1725 ποίῳ
1340 1644 1575 1725 τρόπῳ·
1560 1693 1576 1718 ,

124 1760 127 1763 >
212 1729 531 1789 ΠΟΛΎΜ.
580 1730 731 1792 κύων
757 1725 1000 1806 γενήσει
1027 1727 1205 1806 πύρσ)
1237 1725 1463 1807 ἔχουσα
1487 1726 1797 1808 δέργματα.
2053 1740 2181 1792 1265

208 1814 340 1871 ΕΚ.
389 1815 511 1877 πῶς
541 1813 594 1873 δ’
627 1810 804 1874 οἶσθα
832 1815 1062 1892 μορφῆς
1089 1814 1192 1888 τῆς
1221 1812 1361 1890 ἐμῆς
1390 1815 1787 1892 μετάστασιν;

210 1898 527 1958 ΠΟΛΤΜ.
578 1897 610 1957 ὁ
642 1895 835 1981 Θρῃξὶ
862 1895 1065 1976 μάντις
1095 1897 1224 1960 εἶπε
1257 1898 1549 1963 Διόνυσος
1578 1899 1734 1963 τάδε.

209 1984 340 2042 ΕΚ.
383 1983 481 2043 σοὶ
507 1981 557 2044 δ’
590 1983 693 2044 οὐκ
726 1983 978 2063 ἔχρησεν
999 1982 1238 2043 οὐδὲν
1198 2005 1279 2043 ων
1309 1981 1465 2061 ἔχεις
1496 1988 1719 2060 κακῶν;

210 2066 527 2127 ΠΟΛΎΜ.
576 2066 644 2127 οὗ
671 2063 785 2144 γάρ
813 2068 946 2128 ποτ)
979 2064 1051 2127 ἂν
1073 2067 1151 2127 σύ
1175 2068 1239 2144 μ’
1274 2065 1428 2129 εἷλες
1458 2067 1569 2128 ὧδε
1599 2067 1709 2129 σύν
1740 2069 1917 2151 δόλω.

209 2153 341 2210 ΕΚ.
391 2153 655 2211 θανοῦσα
684 2150 737 2211 δ’
766 2147 802 2224 ἢ
837 2148 975 2223 ζῶο)
1007 2149 1192 2212 ἐνθάδ’
1220 2151 1497 2226 ἑκπλήσω
1526 2152 1707 2227 βίους
2054 2163 2188 2219 1270

208 2236 527 2296 ΠΟΛΎΜ.
575 2238 854 2296 θανοῦσα·
898 2234 1102 2315 τύμβω
1134 2234 1187 2294 δ’
1221 2234 1406 2307 ονομα
1434 2234 1521 2316 σῷ
1555 2233 1905 2310 κεκλήσεται

207 2322 337 2379 ΕΚ.
383 2321 615 2397 μορφῆς
646 2316 889 2425 ἐπῳδὸν,
923 2318 959 2395 ἢ
989 2319 1063 2389 τί,
1099 2320 1199 2393 τῆς
1234 2319 1375 2395 ἐμῆς
1404 2321 1588 2397 ἑρεῖς;

207 2405 525 2465 ΠΟΛΎΜ.
573 2400 740 2468 κυνὸς
768 2403 1048 2480 ταλαίνης
1077 2405 1255 2480 σῆμα,
1290 2404 1580 2467 ναυτίλοις
1608 2402 1839 2484 τέκμαρ.

209 2492 334 2549 ΕΚ.
385 2486 552 2551 οὐδὲν
579 2487 749 2566 μέλει
778 2511 897 2565 μοι,
930 2492 1039 2550 σοῦ
1069 2487 1140 2567 γέ
1166 2512 1267 2565 μοι
1297 2488 1499 2552 δόντος
1531 2489 1712 2566 δίκην.

205 2575 524 2637 ΠΟΛΤΜ.
571 2574 665 2635 καὶ
696 2572 809 2650 σήν
837 2570 888 2651 γ’
924 2570 1143 2652 ἀνάγκη
1174 2576 1356 2634 παῖδα
1385 2571 1741 2652 Κασάνδραν
1769 2577 1983 2637 θανεῖν.
2053 2583 2185 2639 1275

203 2660 338 2719 ΕΚ.
384 2655 698 2719 ἆπέπτυθ·
741 2658 893 2739 αὐτῷ
923 2655 1104 2718 ταῦτά
1133 2681 1231 2717 σοι
1262 2657 1460 2734 δίδωμ’
1491 2656 1672 2737 ἔχειν.

204 2744 522 2803 ΠΟΛΎΜ.
575 2745 767 2803 κτενεῖ
793 2765 884 2803 νιν
911 2742 947 2816 ἡ
977 2742 1133 2802 τοῦδ’
1165 2741 1406 2818 ἄλοχος,
1441 2741 1704 2819 οἰκουρὸς
1732 2739 1928 2819 πικρά.

202 2829 336 2886 ΕΚ.
380 2823 553 2900 μήπω
583 2825 788 2900 μανείη
817 2824 1100 2902 Τυνδαρὶς
1129 2824 1375 2887 τοσόνδε
1402 2829 1561 2887 παῖς.

205 2911 522 2972 ΠΟΛΎΜ.
572 2907 784 2972 καύτόν
812 2931 884 2986 γε
913 2914 1135 2978 τοῦτον,
1170 2905 1422 2969 πέλεκυν
1452 2904 1759 2986 {Ripae-’²'
1727 2928 1865 2969 ανω

201 2992 324 3055 ΑΓ.
375 2994 542 3057 ουτος
573 2992 667 3064 σὺ,
701 2995 912 3070 μαίνει,
949 2990 1042 3052 καὶ
1074 2996 1263 3054 κακῶν
1294 2992 1430 3073 ἐρᾷς
1460 2997 1697 3074 τυχεῖν;
2046 3003 2180 3050 1280

204 3082 520 3140 ΠΟΛΤΜ.
572 3079 770 3153 κτεῖν’,
804 3078 879 3142 ὦς
910 3078 973 3139 ἐν
993 3075 1202 3157 Αργει
1233 3077 1415 3155 φόνια
1441 3075 1661 3155 λουτρά
1690 3076 1812 3137 o·''
1785 3072 2071 3153 αναμένει.

202 3166 324 3223 ΑΓ.
374 3163 485 3243 οὐχ
514 3161 705 3238 ἕλξετ’
729 3161 924 3231 αὐτὸν,
959 3165 1161 3238 δμῶες,
1198 3161 1460 3224 ἔκποδων
1486 3164 1631 3242 βίας

201 3250 522 3310 ΠΟΛΎΜ.
567 3247 773 3326 ἆλγεῖς
802 3246 1065 3315 ἆκούων;
1108 3249 1226 3306 ΑΓ.
1277 3244 1379 3305 οὐκ
1411 3243 1657 3323 ἑφέξετε
1690 3247 1921 3326 στόμα·
1903 3293 1922 3322 ,

201 3334 520 3394 ΠΟΛΤΜ.
524 3330 873 3421 ἐγκλείεθ·
919 3333 1140 3409 εἴρηται
1168 3327 1301 3407 γάρ.

202 3419 325 3478 ΑΓ.
1174 3415 1293 3494 οὐχ’
1323 3413 1470 3476 ὅσον
1498 3413 1681 3497 τάχος

170 3515 176 3520 ·
371 3495 570 3575 νήσων
599 3498 825 3579 ἐρήμων
845 3498 1020 3561 αὐτὸν
1050 3497 1359 3577 ἕκβαλεῖτέ
1385 3523 1505 3570 ποι,
2044 3514 2176 3563 1285

373 3585 613 3662 ἐπείπερ
643 3585 792 3646 οὕτω
825 3583 920 3646 καὶ
949 3584 1087 3646 λίαν
1116 3588 1551 3663 θρασυστομεῖς
