2492 4092
1080 348 1333 403 MHA‘mA.

1042 507 1070 522 fl

390 506 545 585 οἴχει
573 501 779 583 γάμων
805 503 1111 577 ἕκατιτων
1140 503 1432 567 Ἰάσονος.

224 596 372 657 ΜΗ.
386 593 579 668 φίλαι,
614 590 877 651 δέδοκται
903 588 1148 667 τοῦργον
1180 589 1256 651 ὡς
1286 585 1540 667 τάχιστά
1566 613 1668 668 μοι

222 1943 356 2004 ΧΟ.
420 1941 440 1966 ¹

241 3717 374 3778 ΠΑ.
405 3710 460 3778 ά.
508 3714 683 3794 οἴμοι,
716 3715 777 3776 τί
801 3706 1035 3794 δράσω;
1066 3721 1175 3778 ποῖ
1201 3718 1375 3796 φύγω
1402 3712 1620 3794 μητρὸς
1648 3715 1864 3796 χέραςὸ

388 679 600 740 παῖδας
630 673 920 756 κτανούσῃ
950 674 1115 748 τῆσδ’
1148 674 1530 749 ἀφορμᾶσθαι
1557 672 1789 753 χθονὸς,

391 759 485 821 καὶ
513 757 593 838 μὴ
626 756 857 837 σχολὴν
886 759 1147 836 ἄγουσαν
1178 759 1442 820 ἐκδοῦναι
1473 758 1646 822 τέκνα

390 843 546 928 ἄλλῃ
577 847 864 922 φονεῦσαι
895 841 1328 923 δυσμενεστέρᾳ
1354 843 1505 923 χερί.

392 906 621 992 πάντως
652 932 759 1006 σφ’
789 925 1010 1006 ἀνάγκη
1044 931 1369 990 κατθανεῖν.
1415 928 1541 989 ἐπεὶ
1570 927 1635 989 δὲ
1662 929 1798 1010 χρὴ,

390 1013 557 1091 ἡμεῖς
587 1017 917 1090 κτενοῦμεν,
953 1015 1118 1090 οἵπερ
1152 1011 1545 1089 ἐξεφύσαμεν.

392 1097 530 1160 ἀλλ’
563 1098 636 1161 εἶ’
668 1098 929 1172 ὁπλίζου,
966 1099 1188 1175 καρδία.
1234 1099 1296 1158 τί
1319 1099 1618 1175 μέλλομεν

391 1185 465 1244 τὰ
493 1187 656 1246 δεινὰ
686 1183 1009 1261 κάναγκαῖα
1036 1182 1114 1259 μὴ
1145 1180 1440 1261 πράσσειν
1470 1181 1615 1245 κακά
1642 1207 1657 1259 ;

392 1267 508 1345 ἄγ’,
543 1265 588 1328 ὦ
619 1265 871 1329 τάλαινα
901 1268 1031 1348 χεὶρ
1062 1268 1187 1343 ἐμὴ,
1223 1269 1380 1342 λαβὲ
1410 1264 1599 1346 ξίφος,

392 1351 560 1428 λάβ’,
596 1351 735 1430 ἕρπε
763 1353 907 1431 πρὸς
935 1355 1209 1427 βαλβῖδα
1237 1353 1503 1429 λυπηρὰν
1524 1352 1687 1433 βίου,

391 1436 486 1497 καὶ
514 1434 593 1516 μὴ
625 1436 922 1520 κακισθῇς,
945 1435 1078 1514 μηδ’
1112 1436 1483 1519 ἀναμνησθῇς
1510 1434 1746 1511 τέκνων,

392 1520 469 1587 ὡς
498 1520 762 1599 φίλταθ’,
798 1522 873 1585 ὡς
905 1522 1144 1584 ἔτικτες·
1191 1523 1350 1583 ἀλλὰ
1378 1520 1551 1596 τήνδε
1577 1544 1651 1598 γε

392 1610 578 1667 λαθοῦ
606 1610 902 1685 βραχεῖαν
928 1605 1148 1684 ἡμέραν
1174 1608 1401 1667 παίδων
1430 1605 1622 1681 σέθεν,

394 1690 639 1763 κᾶπειτα
668 1689 883 1770 θρήνει·
931 1691 1025 1753 καὶ
1053 1695 1167 1770 γὰρ
1198 1694 1251 1753 εἰ
1276 1696 1495 1753 κτενεῖς
1526 1694 1634 1768 σφ’
1669 1690 1826 1768 ὅμως

390 1776 563 1855 φίλοι
592 1776 650 1857 γ’
683 1778 932 1855 ἔφυσαν,
963 1776 1256 1857 δυστυχὴς
1287 1779 1334 1838 δ’
1369 1775 1484 1854 ἐγὼ
1513 1775 1678 1854 γυνὴ.

1146 1895 1209 1926 UT
1236 1914 1247 1928 e

392 1943 456 2003 ῖω
489 1944 575 2004 Γᾶ
601 1966 667 2004 τε
696 1943 788 2005 καὶ
819 1941 1102 2023 παμφαὴς
1208 1897 1235 1941 ρ

392 2026 553 2091 ἀκτὶς
581 2027 840 2103 Ἀελίου,
875 2027 1122 2090 κατίδετ’
1153 2029 1309 2090 ἴδετε
1337 2030 1443 2090 τὰν

395 2109 685 2187 ὀλομέναν
713 2112 976 2190 γυναῖκα,
1012 2111 1148 2188 πρὶν
1187 2112 1427 2190 φοινίαν

394 2193 617 2259 τέκνοις
649 2200 1019 2273 προσβαλεῖν
1046 2196 1173 2274 χέρ’
1207 2196 1584 2257 αὐτοκτόνον··

394 2279 501 2343 τᾶς
532 2277 646 2344 σᾶς
676 2281 788 2360 γὰρ
820 2278 936 2340 ἀπὸ
957 2278 1213 2360 χρυσέας
1243 2281 1427 2359 γονᾶς

396 2364 715 2441 ἔβλαστεν,
748 2368 896 2428 θεῶν
925 2369 973 2426 δ’
1009 2365 1208 2442 αιματι
1238 2366 1466 2430 πίτνειν

396 2449 593 2528 φόβος
620 2452 716 2512 ὑπ’
746 2449 988 2531 ἀνέρων.

395 2533 556 2595 ἀλλά
584 2559 691 2606 νιν,
727 2534 772 2597 ὠ
804 2533 959 2615 φάος
989 2537 1267 2613 διογενὲς,
1302 2534 1525 2617 κάτειρ-

395 2643 481 2698 γε,
518 2620 912 2696 κατάπαυσον,
945 2619 1100 2696 ἔξελ’
1132 2621 1308 2683 οἴκων
1337 2620 1539 2683 τάλαι-

398 2728 504 2767 ναν
535 2707 749 2783 φονίαν
776 2704 829 2764 τ’
860 2705 1159 2784 Ἐρινὺν
1129 2705 1228 2766 vn’
1262 2708 1633 2784 ἀλαστόρων.

397 2864 587 2945 μάταν
614 2866 901 2946 μόχθος”
870 2891 1022 2945 ερρει
1051 2804 1305 2937 τέκνοιᾶἷν,ρ

397 2949 588 3029 μάταν
616 2953 730 3030 ἄρα
760 2950 929 3030 γένος
960 2951 1226 3031 φίλιον”
1195 2975 1409 3029 ετεκες,
1441 2948 1488 3012 ὦ

401 3039 649 3099 κυανεᾶν
675 3041 939 3098 λιποῦσα
969 3033 1421 3115 Συμπληγάδων

399 3124 622 3199 πετρᾶν
657 3120 1029 3198 ἀξενωτάταν
1058 3119 1347 3199 ἐσβολάν.

400 3208 651 3282 δειλαία,
682 3207 744 3268 τί
768 3230 866 3268 σοι
890 3213 1122 3287 φρενῶν
1147 3206 1337 3287 βαρὺς

399 3291 584 3370 χόλος
613 3292 978 3369 προσπίτνει,
1014 3291 1110 3353 καὶ
1148 3289 1438 3369 δυσμενὴς

403 3374 589 3452 φόνος
618 3376 963 3454 ἀμείβεται·
944 3424 962 3452 ,

402 3462 640 3538 χαλεπὰ
665 3465 779 3541 γὰρ
807 3466 1050 3569 βροτοῖς
1082 3462 1334 3542 ὁμογενῆ
1366 3460 1496 3538 μιά-

403 3546 580 3621 σματ’
613 3546 709 3608 ἐπὶ
738 3551 914 3625 γαῖαν
937 3546 1327 3626 αὐτοφόνταις
1358 3544 1536 3623 ξυνω·

404 3629 477 3689 δᾶ
505 3630 709 3693 θεόθεν
736 3632 993 3693 πιτνοντ’
1024 3631 1118 3693 ἐπὶ
1148 3633 1349 3709 δόμοις
1370 3633 1508 3712 ἄχη.

2102 352 2199 411 115

2060 519 2194 568 1235

2064 945 2193 991 1240

2063 1367 2193 1414 1245

2059 1787 2197 1838 1250

2064 2293 2200 2342 1255

2069 2712 2207 2766 1260

2071 3213 2206 3268 1266

2071 3640 2206 3696 1270
