2492 4092
270 333 366 383 116
1076 329 1392 371 mmmmm·

272 478 413 539 HA.
444 473 530 554 β’.
579 477 682 540 οὒκ
713 475 845 547 οἶδ’,
880 477 1106 555 ἀδελφέ
1128 477 1397 555 φιλτατ’·
1443 475 1787 550 ὀλλύμεσθα
1819 480 1947 551 ydo-

272 565 408 625 XO.
441 562 669 628 ἀκούεις
696 563 851 640 βοᾶν
881 560 1107 625 ἀκούεις
1136 559 1354 623 τέκνων
1376 584 1394 637 ;

444 648 511 709 ἰὼ
543 647 790 727 τλᾶμον,
821 644 865 707 ὦ
899 646 1211 725 κακοτυχὲς
1244 646 1433 719 γύναι.

445 730 718 812 παρέλθω
743 732 995 808 δόμους;
1043 728 1252 810 ἀρῆξαι
1284 731 1473 810 φόνον

446 820 603 879 δοκει
630 841 732 895 μοι
761 815 1000 880 τέκνοις.

279 904 414 965 HA.
447 901 559 976 ναὶ,
590 899 734 979 πρὸς
766 905 932 977 θεῶν,
964 899 1226 979 ἀρήξατ’·
1274 900 1338 961 ἐν
1368 897 1557 962 δέοντι
1583 897 1717 978 γάρ·

450 984 526 1049 ὣς
557 984 731 1064 ἐγγὺς
760 984 868 1063 ἤδη
900 987 960 1064 γ’
994 987 1173 1064 ἐσμὲν
1203 986 1430 1064 ἀρκύων
1460 982 1690 1062 ξίφους.

278 1073 409 1134 ΧΟ.
449 1069 698 1148 τάλαιν’,
732 1072 808 1134 ὣς
837 1070 926 1149 ἄρ’
957 1069 1115 1146 ἦσθα
1143 1069 1353 1147 πέτρος
1383 1067 1419 1144 ἢ
1451 1070 1615 1130 σίδα-

445 1179 565 1233 ρος,
599 1154 726 1219 ἅτις
756 1154 971 1216 τέκνων
1002 1154 1066 1216 ὃν
1096 1153 1289 1219 ἔτεκες

448 1238 659 1317 ἄροτον
689 1240 987 1320 αὐτόχειρι
1016 1243 1190 1321 μοίρᾳ
1222 1243 1460 1305 κτενεῖς.

448 1325 587 1402 μίαν
616 1323 685 1401 δὴ
719 1325 873 1385 κλύω
904 1324 1044 1401 μίαν
1072 1329 1190 1386 τῶν
1219 1324 1404 1403 πάρος

450 1414 674 1486 γυναῖκ’
710 1410 771 1472 ἐν
795 1411 996 1488 φίλοις
1026 1408 1175 1489 χέρα
1200 1414 1418 1485 βαλεῖν
1447 1410 1689 1482 τέκνοις,
1790 1458 1793 1461 -

447 1491 580 1555 Ἰνὼ
609 1499 897 1571 μανεῖσαν
927 1495 991 1555 ἐκ
1023 1499 1189 1566 θεῶν,
1226 1495 1317 1557 ὅθ’
1347 1493 1384 1570 ἡ
1417 1495 1563 1560 Διὸς

449 1577 639 1657 δάμαρ
669 1604 760 1642 νιν
790 1579 1091 1658 ἐξέπεμψε
1121 1577 1401 1656 δωμάτων
1431 1582 1569 1664 ἄλῃ.

364 1659 369 1665 ’
451 1664 642 1726 πίτνει
671 1665 723 1725 δ’
756 1666 794 1724 ἃ
815 1663 1040 1725 τάλαιν’
1073 1665 1138 1728 ἐς
1162 1661 1358 1740 ἅλμαν
1388 1665 1553 1746 φόνῳ

451 1746 671 1809 τέκνων
701 1752 1005 1823 δυσσεβεῖ,

451 1832 625 1906 ἀκτῆς
653 1832 1047 1911 ὑπερτείνασα
1067 1835 1310 1897 ποντίας
1339 1834 1506 1902 πόδα,

450 1919 611 1977 δυοῖν
638 1941 705 1979 τε
733 1917 967 1978 παίδοιν
998 1915 1346 1992 ξυνθανοῦσ’
1378 1918 1725 1979 ἀπόλλυται.

449 2001 512 2061 τί
536 2001 659 2076 δῆτ’
691 2001 794 2063 οὖν
821 1999 1031 2081 γένοιτ’
1065 1998 1137 2062 ἂν
1167 2002 1253 2064 ἔτι
1283 2003 1473 2064 δεινόν
1495 2025 1513 2078 ;

449 2082 498 2146 ὦ
529 2091 816 2164 γυναικῶν
843 2086 1024 2167 λέχος
1052 2084 1411 2160 πολύπονον,

454 2171 570 2234 ὅσα
597 2176 836 2250 βροτοῖς
868 2168 1071 2251 ἔρεξας
1100 2169 1207 2246 ἤδη
1242 2170 1405 2232 κακά.

280 2260 383 2325 ΙΑ.
449 2257 737 2335 γυναῖκες,
774 2255 835 2318 αἳ
865 2255 1031 2332 τῆσδ’
1065 2254 1240 2334 ἐγγὺς
1270 2253 1483 2317 ἕστατε
1519 2255 1751 2335 στέγης,

450 2341 544 2419 ἆρ’
576 2341 639 2404 ἐν
669 2342 937 2417 δόμοισιν
964 2338 1001 2415 ἡ
1032 2341 1104 2401 τὰ
1133 2338 1276 2400 δείν’
1310 2341 1665 2418 εἰργασμένη

448 2423 684 2500 Μήδεια
710 2425 942 2492 τοισίδ’,
976 2421 1013 2500 ἢ
1042 2421 1402 2500 μεθέστηκεν
1429 2425 1586 2506 φυγῇ
1612 2449 1630 2500 ;

449 2511 546 2570 δεῖ
566 2504 679 2585 γάρ
709 2530 801 2569 νιν
827 2505 958 2581 ἤτοι
988 2509 1096 2583 γῆς
1125 2513 1249 2583 σφε
1281 2510 1604 2585 κρυφθῆναι
1633 2509 1807 2588 κάτω,

446 2588 485 2665 ἢ
515 2590 734 2666 πτηνὸν
762 2590 897 2667 ἆραι
926 2589 1074 2666 σῶμ’
1107 2588 1164 2653 ἐς
1195 2588 1424 2667 αἰθέρος
1452 2588 1661 2666 βάθος,

451 2675 504 2736 εἰ
533 2674 611 2753 μὴ
641 2672 936 2753 τυράννων
965 2675 1228 2751 δώμασιν
1259 2673 1438 2736 δώσει
1468 2677 1651 2753 δίκην.

445 2759 680 2822 πέποιθ’
712 2759 1111 2821 ἀποκτείνασα
1141 2756 1441 2837 κοιράνους
1471 2761 1685 2840 χθονὸς

450 2845 641 2926 ἀθῷος
670 2842 813 2920 αὐτὴ
843 2847 1026 2906 τῶνδε
1055 2841 1380 2923 φεύξεσθαι
1410 2845 1606 2924 δόμων
1629 2872 1644 2924 ;

450 2929 589 2990 ἀλλ’
620 2930 689 2992 οὗ
718 2931 829 3008 γὰρ
862 2929 1037 3004 αὐτῆς
1069 2929 1334 3008 φροντίδ’
1370 2929 1444 2995 ὣς
1475 2929 1694 2995 τέκνων
1727 2932 1849 3013 ἔχω

447 3013 647 3089 κείνην
673 3016 781 3091 μὲν
811 3013 910 3077 οὓς
942 3011 1187 3091 ἔδρασεν
1217 3011 1491 3092 ἔρξουσιν
1523 3021 1725 3087 κακῶς,

451 3098 605 3174 ἐμῶν
634 3100 699 3159 δὲ
726 3098 949 3162 παίδων
978 3098 1162 3175 ἦλθον
1192 3098 1476 3162 ἐκσῶσων
1494 3101 1655 3177 βίον,

448 3180 528 3259 μή
557 3183 663 3258 μοί
685 3207 743 3244 τι
773 3182 1032 3260 δράσωσ’
1065 3182 1122 3242 οἱ
1153 3180 1551 3260 προσήκοντες
1576 3184 1754 3263 γένει,

446 3267 717 3348 μητρῷον
745 3264 1176 3346 ἐκπράσσοντες
1208 3268 1451 3330 ἀνόσιον
1481 3272 1685 3347 φόνον.

279 3352 413 3412 ΧΟ.
451 3348 495 3411 ὦ
526 3354 766 3428 τλῆμον,
803 3351 906 3412 οὐκ
938 3351 1091 3413 οἶσθ’
1126 3353 1187 3412 οῖ
1213 3357 1403 3415 κακῶν
1434 3352 1739 3431 ἐλήλυθας,

448 3435 669 3498 ’Ῑᾶσον·
719 3437 787 3499 οὐ
816 3440 928 3515 γὰρ
957 3434 1151 3498 τούσδ’
1185 3436 1269 3499 ἂν
1290 3436 1561 3518 ἐφθέγξω
1591 3440 1822 3517 λόγους.

281 3523 384 3582 ΙΑ.
445 3521 508 3580 τί
533 3518 579 3581 δ’
615 3520 778 3584 ἔστιν
796 3545 812 3596 ;
859 3520 896 3598 ἦ
925 3544 1040 3583 που
1055 3520 1205 3598 ,κᾶμ’
1237 3522 1574 3586 ἀποκτεῖναι
1604 3521 1762 3586 θέλει
1788 3549 1803 3600 ;

279 3604 414 3665 ΧΟ.
447 3609 652 3671 παῖδες
680 3608 918 3669 τεθνᾶσι
948 3604 1101 3689 χειρὶ
1130 3603 1371 3688 μητρῴᾳ
1400 3604 1590 3671 σέθεν.

285 3690 390 3748 ΙΑ.
450 3690 608 3766 οἴμοι
637 3690 699 3753 τί
719 3687 948 3768 λέξεις;
993 3689 1069 3756 ὥς
1098 3694 1157 3768 μ’
1191 3690 1532 3768 ἀπώλεσας,
1561 3693 1749 3773 γύναι.

2117 1167 2257 1215 1280

2123 1591 2257 1639 1285

2126 2014 2262 2065 1290

2126 2437 2261 2490 1295

2125 2861 2260 2909 1300

2125 3284 2258 3331 1305

2124 3708 2259 3754 1310
