2492 4092
314 302 377 347 06

1141 310 1460 353 E‘rmnmo‘r

482 449 816 530 συγγνώστ’
848 447 921 513 ἂν
949 448 1021 526 ἦν
1050 473 1148 512 σοι
1177 450 1333 511 τοῦδ’
1366 451 1684 529 ἐρασθῆναι
1714 451 1950 533 λέχους.

480 535 668 611 ὅρκων
696 535 760 595 δὲ
789 534 1011 613 φρούδη
1042 543 1139 595 πίο
1152 558 1257 603 τις,
1292 535 1414 596 οὐδ’
1445 534 1563 615 ἔχω
1585 539 1796 612 μαθεῖν

479 621 533 681 εἰ
562 620 729 683 θεοὺς
751 618 1000 695 νομίζεις
1030 618 1164 684 τοὺς
1193 618 1317 680 τότ’
1350 619 1451 680 οὐκ
1483 620 1685 702 ἄρχειν
1716 620 1821 697 ἔτι,

477 702 515 779 ἢ
546 707 714 765 καινὰ
745 707 975 765 κεῖσθαι
1006 702 1177 776 θέαμ’
1211 707 1274 765 ἐν
1305 704 1628 784 ἀνθρώποις
1657 711 1852 783 τανῦι,

476 788 606 849 ἐπεὶ
636 785 916 862 ξύνοισθά
941 787 1000 867 ss
1034 788 1179 852 εἷς’
1148 790 1241 864 εμ’
1273 791 1376 850 οὐκ
1407 790 1638 869 εὕορκος
1661 788 1766 856 fir.

476 876 590 950 φεῦ
621 869 783 946 δεξιὰ
809 874 957 952 χεὶρ,
993 872 1060 949 ἧς
1092 872 1166 933 σὺ
1196 871 1375 935 πόλλ’
1400 863 1785 950 ἐλαμβάνου,

475 954 569 1016 καὶ
598 960 776 1019 τῶνδε
804 956 1087 1036 γονάτων,
1125 956 1201 1022 ὡς
1228 955 1418 1033 μάτην
1448 958 1830 1037 κεχρώσμεθα

475 1047 653 1102 κακοῦ
680 1039 824 1118 πρὸς
852 1042 1077 1117 ἀνδρὸς,
1109 1042 1364 1104 ἐλπίδων
1393 1042 1444 1102 δ’
1476 1039 1826 1120 ἡμάρτομεν.

473 1121 589 1203 ἄγ’,
626 1125 701 1188 ὣς
731 1126 889 1208 φίλῳ
917 1128 1028 1206 γὰρ
1059 1126 1184 1186 ὄντι
1216 1151 1313 1187 σοι
1346 1127 1716 1203 κοινώσομαι,

470 1213 729 1270 δοκοῦσα
755 1208 834 1287 μή
864 1234 920 1272 τι
943 1211 1086 1288 πρός
1114 1235 1186 1289 γε
1216 1215 1328 1271 σοῦ
1357 1208 1600 1290 πράξειν
1623 1212 1834 1282 καλῶς,

469 1293 627 1370 ὅμως
656 1294 729 1355 δ’·
777 1295 1082 1374 ἐρωτηθεὶς
1109 1297 1220 1374 γὰρ
1243 1297 1495 1376 αἰσχίων
1523 1301 1717 1374 φανεῖ.
1759 1327 1766 1333 ·

472 1383 576 1441 νῦν
603 1382 709 1440 ποῖ
732 1378 1072 1460 τράπωμαι;
1116 1383 1335 1459 πότερα
1363 1379 1506 1460 πρὸς
1533 1380 1750 1462 πατρὸς
1780 1383 2009 1460 δόμους,

469 1461 571 1527 οὓς
600 1464 697 1526 σοὶ
728 1469 1027 1543 προδοῦσα
1059 1464 1151 1526 καὶ
1179 1466 1406 1544 πάτραν
1432 1466 1766 1543 ἆφικόμην;

407 1586 412 1595 ·
465 1544 503 1621 ἢ
534 1547 679 1627 πρὸς
708 1547 986 1613 ταλαίνας
1020 1548 1357 1625 Πελιάδας;
1405 1556 1596 1614 καλῶς
1625 1553 1684 1628 γ’
1716 1548 1789 1611 ἂν
1819 1552 1923 1613 οὖν

291 2902 423 2963 ΧΟ.

296 3073 393 3132 [Α.

470 1629 736 1707 δέξαιντό
760 1637 820 1709 μ’
850 1635 1030 1696 οἴκοις
1058 1634 1140 1696 ὧν
1166 1632 1389 1713 πατέρα
1413 1633 1776 1695 κατέκτανον.

468 1715 595 1795 ἔχει
625 1718 736 1797 γὰρ
767 1717 936 1777 οὕτω·
984 1723 1105 1780 τοῖς
1133 1721 1241 1793 μὲν
1270 1719 1500 1779 οἴκοθεν
1529 1719 1730 1794 φίλοις

466 1801 649 1879 ἐχθρὰ
678 1798 1013 1879 καθέστηχ’,
1041 1799 1141 1863 οὓς
1169 1801 1235 1862 δέ
1261 1797 1317 1878 μ’
1349 1802 1454 1862 οὐκ
1485 1801 1882 1880 ἐχρῆιυκακῶς

464 1887 626 1962 δρᾶν,
662 1883 758 1946 σοὶ
786 1881 962 1964 χάριν
991 1883 1259 1963 φέρουσα
1285 1888 1602 1961 πολεμίους
1632 1883 1771 1964 ἔχω.

463 1966 667 2047 τοιγάρ
695 1992 771 2046 με
798 1975 1050 2032 πολλαῖς
1070 1969 1358 2048 μακαρίαν
1387 1969 1474 2033 ἀν’
1501 1967 1772 2031 Ἑλλάδα

464 2051 674 2129 ἔθηκας
704 2053 830 2117 ἀντὶ
860 2057 1059 2117 τῶνδε·
1107 2054 1442 2132 θαυμαστὸν
1471 2052 1536 2116 δέ
1564 2080 1639 2118 σε

464 2137 585 2219 ἔχω
613 2139 793 2202 πόσιν
821 2141 917 2201 καὶ
945 2138 1158 2202 πιστὸν
1184 2139 1221 2216 ἡ
1252 2137 1481 2203 τάλαιν’
1512 2141 1648 2219 ἐγὼ,

463 2226 518 2286 εἰ
547 2223 842 2303 φεύξομαί
863 2247 935 2304 γε
963 2231 1140 2303 γαῖαν
1168 2225 1598 2303 ἐκβεβλημένη,

463 2309 660 2387 φίλων
688 2308 916 2388 ἔρημος,
949 2306 1054 2384 ξὺν
1082 2308 1304 2373 τέκνοις
1331 2311 1480 2389 μόνη
1508 2312 1728 2387 μόνοις,

461 2394 646 2454 καλόν
667 2394 728 2473 γ’
758 2394 979 2457 ὄνειδος
1007 2393 1086 2474 τῷ
1118 2395 1329 2454 νεωστὶ
1358 2395 1608 2474 νυμφίῳ,

460 2476 731 2555 πτωχοὺς
760 2476 1016 2537 ἆλᾶσθαι
1046 2480 1255 2539 παῖδας
1283 2477 1322 2552 ἤ
1347 2474 1397 2536 τ’
1430 2475 1633 2538 ἔσωσά
1663 2502 1752 2540 σε.

460 2558 507 2621 ὦ
538 2563 672 2637 Ζεῦ,
704 2562 767 2622 τί
789 2558 859 2634 δὴ
889 2564 1112 2638 χρυσοῦ
1139 2560 1249 2636 μὲν
1276 2559 1339 2623 ὃς
1370 2561 1650 2636 κίβδηλος
1677 2558 1716 2642 ᾗ

460 2643 715 2722 τεκμήρι’
747 2644 1140 2722 ἀνθρώποισιν
1171 2643 1412 2709 ὤπασας
1443 2646 1633 2722 σαφῆ,

458 2729 684 2809 ἀνδρῶν
712 2729 765 2790 δ’
797 2730 911 2811 ὅτῳ
942 2730 1055 2810 χρὴ
1086 2729 1188 2791 τὸν
1217 2728 1396 2791 κακὸν
1423 2727 1712 2800 διειδέναι,

460 2813 647 2881 οὐδεὶς
673 2813 969 2894 χαρακτὴρ
1000 2813 1297 2892 ἐμπέφυκε
1320 2814 1587 2903 σώματι,
1572 2839 1588 2856 ·

465 2898 624 2975 δεινή
654 2924 741 2964 τις
771 2897 914 2977 ὀργὴ
947 2899 1039 2961 καὶ
1069 2900 1341 2963 δυσίατος
1370 2894 1557 2969 πέλει,

459 2985 601 3046 ὅταν
631 2985 799 3062 φίλοι
830 2986 1068 3063 φίλοισι
1099 2984 1453 3060 συμβάλωσ)
1486 2983 1628 3059 ἔριν.

460 3072 554 3131 δεῖ
577 3069 659 3147 μ’,
697 3067 773 3132 ὦς
803 3066 975 3145 ἔοικε,
1005 3066 1085 3145 μὴ
1111 3067 1286 3130 κακὸν
1315 3074 1494 3146 φῦναι
1522 3066 1741 3147 λέγειν,

457 3150 593 3214 ἀλλ’
626 3153 783 3214 ὥστε
812 3152 949 3217 ναὸς
972 3151 1175 3214 κεδνὸν
1205 3151 1639 3230 οἰακοστρόφου

458 3239 689 3315 ἄκροισι
718 3240 972 3343 λαίφους
1003 3235 1348 3315 κρασπέδοις
1377 3237 1763 3314 ὑπεκδραμεῖν

454 3319 564 3396 τὴν
590 3346 705 3398 σην
730 3323 1084 3400 στόμαργον,
1114 3318 1160 3381 ὠ
1190 3322 1378 3399 γύναι,
1410 3321 1860 3400 γλωσσαλγίαν.

456 3407 572 3485 ἐγὼ
601 3404 654 3467 δ’
655 3404 896 3483 ,ἐπειδὴ
929 3406 1022 3466 καὶ
1048 3407 1187 3469 λίαν
1212 3413 1457 3484 πυργοῖς
1482 3403 1673 3485 χάριν,

458 3491 683 3570 Κύπριν
707 3488 918 3567 νομίζω
944 3494 1046 3567 τῆς
1075 3491 1215 3567 ἐμῆς
1242 3492 1591 3568 ναυκληρίας

457 3577 745 3656 σώτειραν
771 3574 920 3638 εἶναι
941 3577 1089 3636 θεῶν
1116 3598 1184 3636 τε
1212 3574 1568 3654 κάνθρώπων
1595 3575 1793 3654 μόνην.

455 3660 554 3722 σοὶ
580 3661 634 3722 δ’
663 3662 791 3723 ἔστι
818 3663 925 3734 μὲν
950 3663 1083 3723 νοῦς
1109 3658 1516 3728 λεπτδςῗᾶλΝ
1548 3659 1867 3731 ἐπίφθονος

2171 1229 2275 1275 500

2168 1650 2269 1696 505

2161 2071 2265 2118 510

2160 2493 2259 2540 515

2155 2914 2258 2961 620

2153 3334 2253 3397 525
