2492 4092
1137 321 1391 364 MHAmA.

275 469 427 529 ΜΗ.
448 466 537 532 ἔα.

272 555 408 615 HA.
446 552 507 613 τί
532 545 873 632 συγχυθεῖσ)
907 546 1161 624 ἕστηκας
1188 544 1334 624 ἡνίκ’
1370 546 1667 631 εὖτυχεῖς;

450 637 532 714 [τί
558 636 672 713 σην
701 633 956 713 ἔτρεψας
986 633 1243 711 ἔμπαλιν
1271 633 1542 712 παρηίδα,

442 721 582 783 κοῦκ
613 715 835 797 ἀσμένη
867 717 1020 781 τόνδ’
1050 713 1122 794 ἐξ
1146 717 1289 796 ἐμοῢ
1319 715 1479 798 δέχει
1506 719 1692 800 λόγον
1714 715 1764 800 3]

271 810 424 868 ΜΗ.
445 808 586 868 αἰαῖ.

271 894 406 952 HA.
446 888 567 953 τάδ’
602 887 671 951 οὗ
701 886 928 971 ξυνῳδὰ
954 890 1149 951 τοῖσιν
1177 884 1651 969 ἐξηγγελμένοις.

270 980 422 1037 ΜΗ.
447 978 576 1038 αἰαῖ
599 971 737 1052 μάλ’
772 976 955 1038 αὖθις.
1045 978 1179 1037 HA.
1221 978 1351 1050 μῶν
1378 971 1490 1035 τιν’
1522 971 1834 1052 ἀγγέλλων
1862 975 2045 1054 τύχην

440 1060 545 1122 οὐκ
575 1059 724 1130 οἶδα,
758 1055 934 1134 δόξης
963 1055 1012 1119 δ’
1045 1056 1323 1138 ἐσφάλην
1353 1056 1676 1137 εὐαγγέλου
1684 1082 1769 1152 3⁰..

268 1148 420 1208 ΜΗ.
441 1143 727 1253 ἤγγειλας
758 1141 831 1205 οῖ’
861 1142 1163 1222 ἤγγειλας·
1209 1142 1278 1204 οὗ
1310 1144 1382 1203 σὲ
1407 1140 1733 1223 μέμφομαι.

270 1233 405 1290 ΠΑ.
445 1229 507 1290 τί
532 1228 601 1304 δη
635 1234 916 1306 κατηφεῖς
947 1228 1105 1305 ὄμμα
1134 1225 1228 1288 καὶ
1258 1230 1669 1308 δακρυρροεῖς;

270 1318 421 1376 ΜΗ.
445 1310 643 1388 πολλή
672 1311 728 1389 μ’
765 1308 1006 1389 ἀνάγκη,
1039 1334 1117 1395 πρ
1119 1308 1291 1388 έ·σβυ
1341 1316 1523 1373 ταῦτα
1551 1314 1662 1391 γὰρ
1693 1316 1816 1378 θεοὶ

443 1396 601 1475 κάγὼ
634 1400 819 1459 κακῶς
849 1389 1130 1475 φρονοῢσ’
1164 1394 1644 1476 ἐμηχανησάμην.
1758 1409 1763 1414 ’

270 1487 406 1547 ΠΑ.
448 1480 677 1561 θάρσει·
723 1478 884 1544 κάτει
912 1505 1003 1543 τοι
1036 1480 1127 1542 καὶ
1159 1480 1235 1542 σὺ
1264 1477 1408 1558 πρὸς
1437 1480 1656 1543 τέκνων
1686 1481 1799 1544 ἔτι.

272 1572 424 1630 ΜΗ.
447 1566 668 1631 ἄλλους
699 1562 929 1641 κατάξω
959 1562 1274 1643 πρόσθενε
1244 1589 1282 1641 η
1313 1562 1538 1628 τάλαιν’
1574 1566 1644 1646 ἐγ
1647 1568 1712 1630 ὤ.

270 1656 406 1714 HA.
445 1653 607 1715 οὔτοι
635 1650 784 1731 μόνη
816 1650 893 1712 σὺ
924 1654 1047 1713 σῶν
1076 1648 1364 1731 ἀπεζύγης
1393 1649 1624 1713 τέκνων.

442 1737 675 1817 κούφως
704 1734 910 1817 φέρειν
936 1733 1051 1816 χρὴ
1084 1735 1296 1810 θνητὸν
1324 1736 1469 1798 ὄντα
1500 1734 1828 1817 συμφοράς.
1900 1808 1905 1815 ,

270 1825 422 1889 ΜΗ.
445 1824 645 1902 δράσω
675 1819 819 1884 τάδ’·
867 1821 1026 1882 ἀλλὰ
1051 1824 1227 1897 βαῖνε
1259 1818 1542 1899 δωμάτων
1571 1820 1710 1894 ἔσω,

442 1907 538 1970 καὶ
566 1906 738 1969 παισὶ
768 1905 1013 1985 πόρσυν’
1046 1905 1142 1968 οἷα
1169 1903 1286 1984 χρὴ
1319 1903 1443 1967 καθ’
1476 1905 1712 1986 ἡμέραν.

440 1989 486 2053 ω
517 1989 691 2053 τέκνα
719 1988 910 2060 τέκνα,
945 1990 1120 2073 σφῷν
1147 1994 1256 2066 μὲν
1286 1989 1414 2054 ἔστι
1445 1988 1513 2067 δὴ
1543 1993 1718 2059 πόλις

443 2075 539 2138 καὶ
569 2071 730 2152 δῶμ’,
767 2075 829 2137 ἐν
858 2071 930 2156 ᾧ
935 2075 1209 2137 λιπόντες
1238 2073 1452 2136 ἀθλίαν
1482 2075 1584 2152 ἐμὲ

443 2157 692 2236 οἶκήσετ’
727 2159 817 2221 ἀεὶ
846 2157 1063 2238 μητρὸς
1092 2158 1492 2237 ἐστερημένοι·

441 2245 558 2325 ἐγὼ
589 2243 636 2305 δ’
671 2248 731 2309 ἐς
760 2243 955 2319 ἄλλην
982 2249 1155 2321 γαῖαν
1184 2241 1303 2321 εἶμι
1332 2242 1401 2320 δὴ
1433 2245 1643 2325 φυγᾶς,

440 2329 579 2409 πρὶν
607 2330 784 2411 σφῷν
814 2329 1064 2390 ὄνασθαι
1094 2327 1360 2391 κάπιδεῖν
1390 2328 1749 2404 εὐδαίμονας,

440 2415 577 2492 πρὶν
603 2417 818 2494 λέκτρα
848 2414 941 2476 καὶ
969 2418 1216 2494 γυναῖκα
1245 2414 1340 2477 καὶ
1367 2415 1689 2495 γαμηλίους
1762 2488 1767 2493 ,

443 2498 611 2565 εὗνας
641 2501 859 2579 ἀγῆλαι
887 2498 1198 2577 λαμπάδας
1227 2497 1275 2561 τ’
1309 2499 1681 2583 ἀνασχεθεῖν.

440 2580 487 2645 ω
518 2583 882 2648 δυστάλαινα
910 2589 1012 2662 τῆς
1043 2586 1184 2665 ἐμῆς
1214 2586 1507 2653 αὖθαδίας.

442 2667 641 2734 ἄλλως
671 2668 756 2748 ἄρ’
790 2671 957 2747 ὑμᾶς,
993 2668 1038 2730 ὠ
1071 2669 1246 2748 τέκν’,
1279 2670 1708 2752 ἐξεθρεψάμην,

443 2752 644 2818 ἄλλως
674 2752 721 2816 δ’
758 2753 1050 2832 ἐμόχθουν
1081 2754 1176 2815 καὶ
1208 2753 1565 2833 κατεξάνθην
1592 2758 1815 2826 πόνοις,

442 2838 687 2916 στερρᾶς
718 2835 1015 2915 ἐνεγκοῢσ’
1051 2839 1114 2898 ἐν
1143 2839 1336 2903 τόκοις
1366 2839 1720 2918 ἀλγηδόνας.

439 2920 632 3070 Ze*
663 2919 851 2984 ποθ’“
822 2948 859 2999 η
891 2921 1174 2999 δύστηνος
1204 2921 1371 3029 εἶχον
1400 2924 1642 2989 ἐλπίδας

602 3033 670 3073 ας
701 3009 823 3072 ἐν’
793 3011 927 3085 υμῖν
955 3012 1436 3087 γηροβοσκησειν
1463 3005 1513 3070 τ’
1548 3011 1653 3088 ἐμὲ

442 3096 538 3156 καὶ
568 3097 973 3157 κατθανοῦσαν
1000 3093 1212 3174 χερσὶν
1242 3093 1308 3158 εὖ
1337 3098 1730 3174 περιστελεῖν,

443 3177 706 3256 ζηλωτὸν
735 3178 1118 3258 ἀνθρώποισι·
1164 3183 1271 3245 νῦν
1300 3176 1348 3241 δ’
1383 3181 1579 3243 ὄλωλε
1610 3180 1681 3258 δὴ

441 3270 687 3343 γλυκεῖα
718 3266 978 3343 φροντίς.
1072 3268 1247 3348 σφῷν
1275 3265 1388 3344 γὰρ
1420 3263 1775 3345 ἐστερημένη

440 3348 666 3428 λυπρὸν
695 3347 873 3426 διάξω
902 3350 1112 3426 βίοτον
1142 3349 1417 3430 ἀλγεινόν
1444 3349 1490 3413 τ’
1526 3350 1672 3430 ἐμοί.

442 3433 607 3515 ὑμεῖς
637 3438 701 3498 δὲ
727 3432 921 3513 μητέρ’
958 3432 1139 3498 οὐκέτ’
1171 3436 1432 3514 ὄμμασιν
1461 3439 1663 3516 φίλοις

444 3517 682 3598 ὄψεσθ’,
714 3521 773 3585 ἐς
802 3521 957 3582 ἄλλο
988 3519 1167 3603 σχῆμ’
1201 3518 1566 3590 ἀποστάντες
1592 3522 1752 3599 βίου.

445 3609 561 3682 φεῦ
592 3608 725 3684 φεῦ·
771 3604 832 3667 τί
856 3605 1293 3686 προσδέρκεσθέ
1316 3604 1374 3685 μ’
1410 3608 1685 3685 ὄμμασιν,
1717 3603 1929 3679 τέκνα;

446 3688 509 3751 τί
533 3693 905 3769 προσγελᾶτε
933 3690 1038 3757 τὸν
1066 3692 1443 3757 πανύστατον
1470 3691 1703 3772 γέλωνς

2157 319 2253 368 1ῡ9

2113 563 2246 610 1005

2113 1072 2250 1119 1010

2111 1497 2244 1543 1015

2110 1920 2245 1969 1020

2112 2343 2242 2392 1025

2113 2772 2245 2818 1030

2114 3192 2243 3239 1035
