<?xml version="1.0" encoding="UTF-8"?>
<!DOCTYPE html PUBLIC "-//W3C//DTD XHTML 1.0 Transitional//EN"
    "http://www.w3.org/TR/xhtml1/DTD/xhtml1-transitional.dtd">
<html xmlns="http://www.w3.org/1999/xhtml" xml:lang="en" lang="en">
 <head>
  <title>
</title>
<meta http-equiv="Content-Type" content="text/html;charset=utf-8" />
  <meta name='ocr-system' content='tesseract 3.04.00' />
  <meta name='ocr-capabilities' content='ocr_page ocr_carea ocr_par ocr_line ocrx_word'/>
</head>
<body>
  <div class='ocr_page' id='page_1' title='image "./hecubaandmedeae00unkngoog_0108.png"; bbox 0 0 2492 4092; ppageno 0'>
   <div class='ocr_carea' id='block_1_1' title="bbox 278 326 342 374">
    <p class='ocr_par' dir='ltr' id='par_1_1' title="bbox 278 326 342 374">
     <span class='ocr_line' id='line_1_1' title="bbox 278 326 342 374; baseline 0 0"><span class='ocrx_word' id='word_1_1' title='bbox 278 326 342 374; x_wconf 67' lang='lat'>94</span> 
     </span>
    </p>
   </div>
   <div class='ocr_carea' id='block_1_2' title="bbox 449 462 1667 627">
    <p class='ocr_par' dir='ltr' id='par_1_2' title="bbox 449 462 1667 627">
     <span class='ocr_line' id='line_1_2' title="bbox 449 462 1667 544; baseline 0.001 -20"><span class='ocrx_word' id='word_1_2' title='bbox 449 470 638 529; x_wconf 80' lang='grc' dir='ltr'>κακῶν</span> <span class='ocrx_word' id='word_1_3' title='bbox 659 467 730 527; x_wconf 67' lang='grc' dir='ltr'>δὲ</span> <span class='ocrx_word' id='word_1_4' title='bbox 751 462 985 527; x_wconf 86' lang='grc' dir='ltr'>πάντων</span> <span class='ocrx_word' id='word_1_5' title='bbox 1014 462 1278 529; x_wconf 88' lang='grc' dir='ltr'>τέκτονες</span> <span class='ocrx_word' id='word_1_6' title='bbox 1307 466 1667 544; x_wconf 82' lang='grc' dir='ltr'>σοφώταται.</span> 
     </span>
     <span class='ocr_line' id='line_1_3' title="bbox 1171 563 1342 627; baseline 0 -14"><span class='ocrx_word' id='word_1_7' title='bbox 1171 581 1276 627; x_wconf 86' lang='grc' dir='ltr'>στρ.</span> <span class='ocrx_word' id='word_1_8' title='bbox 1299 563 1342 614; x_wconf 77' lang='grc' dir='ltr'>ά.</span> 
     </span>
    </p>
   </div>
   <div class='ocr_carea' id='block_1_3' title="bbox 276 627 1586 709">
    <p class='ocr_par' dir='ltr' id='par_1_3' title="bbox 276 627 1586 709">
     <span class='ocr_line' id='line_1_4' title="bbox 276 627 1586 709; baseline 0 -20"><span class='ocrx_word' id='word_1_9' title='bbox 276 631 411 694; x_wconf 88' lang='lat' dir='ltr'>XO.</span> <span class='ocrx_word' id='word_1_10' title='bbox 443 627 561 692; x_wconf 78' lang='grc' dir='ltr'>ἅνω</span> <span class='ocrx_word' id='word_1_11' title='bbox 591 635 863 706; x_wconf 78' lang='grc' dir='ltr'>ποταμῶν</span> <span class='ocrx_word' id='word_1_12' title='bbox 894 631 1065 707; x_wconf 78' lang='grc' dir='ltr'>ἶερῶν</span> <span class='ocrx_word' id='word_1_13' title='bbox 1094 634 1355 709; x_wconf 84' lang='grc' dir='ltr'>χωροῦσι</span> <span class='ocrx_word' id='word_1_14' title='bbox 1383 627 1586 708; x_wconf 85' lang='grc' dir='ltr'>παγαὶ,</span> 
     </span>
    </p>
   </div>
   <div class='ocr_carea' id='block_1_4' title="bbox 254 3233 357 3293">
    <p class='ocr_par' dir='ltr' id='par_1_4' title="bbox 254 3233 357 3293">
     <span class='ocr_line' id='line_1_5' title="bbox 254 3233 357 3293; baseline 0 -1"><span class='ocrx_word' id='word_1_15' title='bbox 254 3233 357 3293; x_wconf 82' lang='lat' dir='ltr'>1A.</span> 
     </span>
    </p>
   </div>
   <div class='ocr_carea' id='block_1_5' title="bbox 441 711 2242 1216">
    <p class='ocr_par' dir='ltr' id='par_1_5' title="bbox 445 711 1614 793">
     <span class='ocr_line' id='line_1_6' title="bbox 445 711 1614 793; baseline -0.002 -17"><span class='ocrx_word' id='word_1_16' title='bbox 445 715 540 776; x_wconf 87' lang='grc' dir='ltr'>καὶ</span> <span class='ocrx_word' id='word_1_17' title='bbox 568 713 699 776; x_wconf 87' lang='grc' dir='ltr'>δίκα</span> <span class='ocrx_word' id='word_1_18' title='bbox 723 714 822 775; x_wconf 91' lang='grc' dir='ltr'>καί</span> <span class='ocrx_word' id='word_1_19' title='bbox 846 711 1035 774; x_wconf 90' lang='grc' dir='ltr'>πάντα</span> <span class='ocrx_word' id='word_1_20' title='bbox 1062 711 1244 775; x_wconf 88' lang='grc' dir='ltr'>πάλιν</span> <span class='ocrx_word' id='word_1_21' title='bbox 1275 711 1614 793; x_wconf 82' lang='grc' dir='ltr'>στρέφεται.</span> 
     </span>
    </p>

    <p class='ocr_par' dir='ltr' id='par_1_6' title="bbox 446 795 1565 877">
     <span class='ocr_line' id='line_1_7' title="bbox 446 795 1565 877; baseline -0.001 -18"><span class='ocrx_word' id='word_1_22' title='bbox 446 796 692 877; x_wconf 80' lang='grc' dir='ltr'>ἀνδράσι</span> <span class='ocrx_word' id='word_1_23' title='bbox 710 800 818 875; x_wconf 77' lang='grc' dir='ltr'>μὲν</span> <span class='ocrx_word' id='word_1_24' title='bbox 847 799 1041 860; x_wconf 87' lang='grc' dir='ltr'>δόλιαι</span> <span class='ocrx_word' id='word_1_25' title='bbox 1067 799 1306 875; x_wconf 88' lang='grc' dir='ltr'>βουλαὶ,</span> <span class='ocrx_word' id='word_1_26' title='bbox 1341 804 1488 861; x_wconf 81' lang='grc' dir='ltr'>θεῶν</span> <span class='ocrx_word' id='word_1_27' title='bbox 1517 795 1565 858; x_wconf 94' lang='grc' dir='ltr'>δ’</span> 
     </span>
    </p>

    <p class='ocr_par' dir='ltr' id='par_1_7' title="bbox 443 880 2242 1131">
     <span class='ocr_line' id='line_1_8' title="bbox 446 880 2242 967; baseline 0 -23"><span class='ocrx_word' id='word_1_28' title='bbox 446 880 634 946; x_wconf 82' lang='grc' dir='ltr'>οὐκέτι</span> <span class='ocrx_word' id='word_1_29' title='bbox 656 883 852 947; x_wconf 88' lang='grc' dir='ltr'>πίστις</span> <span class='ocrx_word' id='word_1_30' title='bbox 883 884 1076 962; x_wconf 84' lang='grc' dir='ltr'>ἄραρε.</span> <span class='ocrx_word' id='word_1_31' title='bbox 2028 883 2242 967; x_wconf 83' lang='grc'><strong>[414,5</strong></span> 
     </span>
     <span class='ocr_line' id='line_1_9' title="bbox 443 964 2239 1048; baseline 0.002 -20"><span class='ocrx_word' id='word_1_32' title='bbox 443 970 551 1028; x_wconf 91' lang='grc' dir='ltr'>ταν</span> <span class='ocrx_word' id='word_1_33' title='bbox 583 970 632 1027; x_wconf 91' lang='grc' dir='ltr'>δ’</span> <span class='ocrx_word' id='word_1_34' title='bbox 682 969 824 1044; x_wconf 78' lang='grc' dir='ltr'>ἐμὰν</span> <span class='ocrx_word' id='word_1_35' title='bbox 869 969 1136 1030; x_wconf 80' lang='grc' dir='ltr'>εὔκλειαν</span> <span class='ocrx_word' id='word_1_36' title='bbox 1180 965 1340 1047; x_wconf 84' lang='grc' dir='ltr'>ἔχειν</span> <span class='ocrx_word' id='word_1_37' title='bbox 1380 968 1595 1043; x_wconf 79' lang='grc' dir='ltr'>βιοτὰν</span> <span class='ocrx_word' id='word_1_38' title='bbox 1646 964 1976 1046; x_wconf 82' lang='grc' dir='ltr'>στρέψουσι</span> <span class='ocrx_word' id='word_1_39' title='bbox 2030 971 2239 1048; x_wconf 83' lang='grc' dir='ltr'>φᾶμαι.</span> 
     </span>
     <span class='ocr_line' id='line_1_10' title="bbox 443 1050 1387 1133; baseline 0 -21"><span class='ocrx_word' id='word_1_40' title='bbox 443 1052 679 1131; x_wconf 84' lang='grc' dir='ltr'>ἔρχεται</span> <span class='ocrx_word' id='word_1_41' title='bbox 709 1054 845 1129; x_wconf 82' lang='grc' dir='ltr'>τιμὰ</span> <span class='ocrx_word' id='word_1_42' title='bbox 872 1054 1175 1133; x_wconf 78' lang='grc' dir='ltr'>γυναικείῳ</span> <span class='ocrx_word' id='word_1_43' title='bbox 1206 1050 1387 1130; x_wconf 86' lang='grc' dir='ltr'>γένει</span> 
     </span>
    </p>

    <p class='ocr_par' dir='ltr' id='par_1_8' title="bbox 441 1133 1683 1216">
     <span class='ocr_line' id='line_1_11' title="bbox 441 1133 1683 1216; baseline 0.003 -21"><span class='ocrx_word' id='word_1_44' title='bbox 441 1135 631 1197; x_wconf 83' lang='grc' dir='ltr'>οὐκέτι</span> <span class='ocrx_word' id='word_1_45' title='bbox 660 1135 1012 1200; x_wconf 89' lang='grc' dir='ltr'>δυσκέλαδος</span> <span class='ocrx_word' id='word_1_46' title='bbox 1044 1135 1213 1216; x_wconf 84' lang='grc' dir='ltr'>φάμα</span> <span class='ocrx_word' id='word_1_47' title='bbox 1241 1140 1518 1215; x_wconf 82' lang='grc' dir='ltr'>γυναῖκας</span> <span class='ocrx_word' id='word_1_48' title='bbox 1549 1133 1683 1212; x_wconf 80' lang='grc' dir='ltr'>ἕξει.</span> 
     </span>
    </p>
   </div>
   <div class='ocr_carea' id='block_1_6' title="bbox 435 1235 2238 1381">
    <p class='ocr_par' dir='ltr' id='par_1_9' title="bbox 435 1235 2238 1381">
     <span class='ocr_line' id='line_1_12' title="bbox 435 1235 2238 1381; baseline 0.003 -21"><span class='ocrx_word' id='word_1_49' title='bbox 435 1303 653 1376; x_wconf 79' lang='grc' dir='ltr'>μοῦσαι</span> <span class='ocrx_word' id='word_1_50' title='bbox 683 1302 746 1361; x_wconf 74' lang='grc' dir='ltr'>δὲ</span> <span class='ocrx_word' id='word_1_51' title='bbox 775 1235 1449 1381; x_wconf 50' lang='grc' dir='ltr'>παλαιγενέαῗιῖτῖἦὲοΐέ</span> <span class='ocrx_word' id='word_1_52' title='bbox 1483 1300 1683 1364; x_wconf 79' lang='grc' dir='ltr'>ἀοιδᾶν</span> <span class='ocrx_word' id='word_1_53' title='bbox 1950 1348 1965 1365; x_wconf 79' lang='grc'>.</span> <span class='ocrx_word' id='word_1_54' title='bbox 2134 1319 2238 1366; x_wconf 80' lang='lat'>420</span> 
     </span>
    </p>
   </div>
   <div class='ocr_carea' id='block_1_7' title="bbox 437 1385 1472 1617">
    <p class='ocr_par' dir='ltr' id='par_1_10' title="bbox 437 1385 1472 1617">
     <span class='ocr_line' id='line_1_13' title="bbox 439 1385 1472 1463; baseline 0.001 -16"><span class='ocrx_word' id='word_1_55' title='bbox 439 1389 545 1447; x_wconf 79' lang='grc' dir='ltr'>τᾶν</span> <span class='ocrx_word' id='word_1_56' title='bbox 574 1386 772 1463; x_wconf 56' lang='grc' dir='ltr'>ἐμᾶν*</span> <span class='ocrx_word' id='word_1_57' title='bbox 742 1393 1022 1462; x_wconf 84' lang='grc' dir='ltr'>υμνεῢσαι</span> <span class='ocrx_word' id='word_1_58' title='bbox 1052 1385 1472 1449; x_wconf 86' lang='grc' dir='ltr'>ἀπιστοσύναν.</span> 
     </span>
     <span class='ocr_line' id='line_1_14' title="bbox 437 1469 1464 1553; baseline 0.003 -23"><span class='ocrx_word' id='word_1_59' title='bbox 437 1472 508 1534; x_wconf 81' lang='grc' dir='ltr'>οὐ</span> <span class='ocrx_word' id='word_1_60' title='bbox 535 1471 647 1549; x_wconf 83' lang='grc' dir='ltr'>γᾶρ</span> <span class='ocrx_word' id='word_1_61' title='bbox 677 1474 741 1534; x_wconf 79' lang='grc' dir='ltr'>ἐν</span> <span class='ocrx_word' id='word_1_62' title='bbox 770 1469 1018 1553; x_wconf 79' lang='grc' dir='ltr'>ἁμετέρᾳ</span> <span class='ocrx_word' id='word_1_63' title='bbox 1046 1472 1252 1552; x_wconf 70' lang='grc' dir='ltr'>γνώμᾳ</span> <span class='ocrx_word' id='word_1_64' title='bbox 1284 1471 1464 1549; x_wconf 81' lang='grc' dir='ltr'>λύρας</span> 
     </span>
     <span class='ocr_line' id='line_1_15' title="bbox 438 1553 1113 1617; baseline 0.003 -2"><span class='ocrx_word' id='word_1_65' title='bbox 438 1553 643 1617; x_wconf 80' lang='grc' dir='ltr'>ὤπασε</span> <span class='ocrx_word' id='word_1_66' title='bbox 672 1553 880 1617; x_wconf 82' lang='grc' dir='ltr'>θέσπιν</span> <span class='ocrx_word' id='word_1_67' title='bbox 911 1557 1113 1617; x_wconf 84' lang='grc' dir='ltr'>ἀοιδὰν</span> 
     </span>
    </p>
   </div>
   <div class='ocr_carea' id='block_1_8' title="bbox 350 1635 2233 1719">
    <p class='ocr_par' dir='ltr' id='par_1_11' title="bbox 350 1635 2233 1719">
     <span class='ocr_line' id='line_1_16' title="bbox 350 1635 2233 1719; baseline 0.001 -19"><span class='ocrx_word' id='word_1_68' title='bbox 350 1708 353 1710; x_wconf 12' lang='lat' dir='ltr'>v</span> <span class='ocrx_word' id='word_1_69' title='bbox 437 1644 684 1716; x_wconf 82' lang='grc' dir='ltr'>Φοῖβος,</span> <span class='ocrx_word' id='word_1_70' title='bbox 710 1638 939 1718; x_wconf 84' lang='grc' dir='ltr'>ἆγήτωρ</span> <span class='ocrx_word' id='word_1_71' title='bbox 961 1639 1208 1717; x_wconf 84' lang='grc' dir='ltr'>μελέων·</span> <span class='ocrx_word' id='word_1_72' title='bbox 1242 1639 1370 1701; x_wconf 81' lang='grc' dir='ltr'>ἐπεὶ</span> <span class='ocrx_word' id='word_1_73' title='bbox 1400 1635 1681 1719; x_wconf 86' lang='grc' dir='ltr'>ἀντάχησ’</span> <span class='ocrx_word' id='word_1_74' title='bbox 1716 1636 1788 1701; x_wconf 78' lang='grc' dir='ltr'>ἂν</span> <span class='ocrx_word' id='word_1_75' title='bbox 1817 1644 1997 1717; x_wconf 84' lang='grc' dir='ltr'>ὕμνον</span> <span class='ocrx_word' id='word_1_76' title='bbox 2043 1653 2161 1711; x_wconf 82' lang='lat'><strong><em>425,</em></strong></span> <span class='ocrx_word' id='word_1_77' title='bbox 2202 1652 2233 1701; x_wconf 88' lang='lat'>6</span> 
     </span>
    </p>
   </div>
   <div class='ocr_carea' id='block_1_9' title="bbox 433 1722 2231 1964">
    <p class='ocr_par' dir='ltr' id='par_1_12' title="bbox 433 1722 2231 1964">
     <span class='ocr_line' id='line_1_17' title="bbox 435 1722 1583 1804; baseline 0.001 -20"><span class='ocrx_word' id='word_1_78' title='bbox 435 1723 698 1802; x_wconf 79' lang='grc' dir='ltr'>ἀρσένων</span> <span class='ocrx_word' id='word_1_79' title='bbox 725 1723 916 1804; x_wconf 73' lang='grc' dir='ltr'>γέννα·</span> <span class='ocrx_word' id='word_1_80' title='bbox 960 1723 1178 1804; x_wconf 85' lang='grc' dir='ltr'>μακρὸς</span> <span class='ocrx_word' id='word_1_81' title='bbox 1209 1723 1265 1786; x_wconf 86' lang='grc' dir='ltr'>δ’</span> <span class='ocrx_word' id='word_1_82' title='bbox 1284 1725 1428 1784; x_wconf 79' lang='grc' dir='ltr'>αἰὼν</span> <span class='ocrx_word' id='word_1_83' title='bbox 1458 1722 1583 1802; x_wconf 83' lang='grc' dir='ltr'>ἔχει</span> 
     </span>
     <span class='ocr_line' id='line_1_18' title="bbox 433 1808 2231 1886; baseline 0.003 -19"><span class='ocrx_word' id='word_1_84' title='bbox 433 1809 631 1868; x_wconf 81' lang='grc' dir='ltr'>πολλὰ</span> <span class='ocrx_word' id='word_1_85' title='bbox 650 1811 758 1884; x_wconf 81' lang='grc' dir='ltr'>μὲν</span> <span class='ocrx_word' id='word_1_86' title='bbox 786 1808 1070 1886; x_wconf 80' lang='grc' dir='ltr'>ἁμετέραν</span> <span class='ocrx_word' id='word_1_87' title='bbox 1101 1809 1324 1886; x_wconf 82' lang='grc' dir='ltr'>ἀνδρῶν</span> <span class='ocrx_word' id='word_1_88' title='bbox 1352 1831 1417 1869; x_wconf 91' lang='grc' dir='ltr'>τε</span> <span class='ocrx_word' id='word_1_89' title='bbox 1442 1813 1652 1884; x_wconf 82' lang='grc' dir='ltr'>μοῖραν</span> <span class='ocrx_word' id='word_1_90' title='bbox 1685 1809 1884 1872; x_wconf 80' lang='grc' dir='ltr'>εἰπεῖν.</span> <span class='ocrx_word' id='word_1_91' title='bbox 2020 1822 2138 1886; x_wconf 84' lang='grc'>429,</span> <span class='ocrx_word' id='word_1_92' title='bbox 2166 1824 2231 1872; x_wconf 86' lang='grc'>30</span> 
     </span>
     <span class='ocr_line' id='line_1_19' title="bbox 1158 1908 1336 1964; baseline 0.022 -9"><span class='ocrx_word' id='word_1_93' title='bbox 1158 1924 1262 1959; x_wconf 88' lang='grc' dir='ltr'>στο.</span> <span class='ocrx_word' id='word_1_94' title='bbox 1284 1908 1336 1964; x_wconf 79' lang='grc' dir='ltr'>β’</span> 
     </span>
    </p>
   </div>
   <div class='ocr_carea' id='block_1_10' title="bbox 352 1968 1653 2055">
    <p class='ocr_par' dir='ltr' id='par_1_13' title="bbox 352 1968 1653 2055">
     <span class='ocr_line' id='line_1_20' title="bbox 352 1968 1653 2055; baseline 0.002 -20"><span class='ocrx_word' id='word_1_95' title='bbox 352 1977 387 2019; x_wconf 66' lang='grc'>’-</span> <span class='ocrx_word' id='word_1_96' title='bbox 432 1971 507 2035; x_wconf 77' lang='grc' dir='ltr'>σὺ</span> <span class='ocrx_word' id='word_1_97' title='bbox 534 1975 583 2033; x_wconf 83' lang='grc' dir='ltr'>δ’</span> <span class='ocrx_word' id='word_1_98' title='bbox 613 1972 675 2033; x_wconf 80' lang='grc' dir='ltr'>ἐκ</span> <span class='ocrx_word' id='word_1_99' title='bbox 704 1974 812 2050; x_wconf 77' lang='grc' dir='ltr'>μὲν</span> <span class='ocrx_word' id='word_1_100' title='bbox 841 1973 1015 2035; x_wconf 78' lang='grc' dir='ltr'>οἴκων</span> <span class='ocrx_word' id='word_1_101' title='bbox 1042 1968 1327 2055; x_wconf 74' lang='grc' dir='ltr'>πατρῴων</span> <span class='ocrx_word' id='word_1_102' title='bbox 1357 1970 1653 2037; x_wconf 80' lang='grc' dir='ltr'>ἔπλευσας</span> 
     </span>
    </p>
   </div>
   <div class='ocr_carea' id='block_1_11' title="bbox 418 2056 2225 3144">
    <p class='ocr_par' dir='ltr' id='par_1_14' title="bbox 418 2056 2225 3144">
     <span class='ocr_line' id='line_1_21' title="bbox 429 2056 1829 2139; baseline 0.002 -22"><span class='ocrx_word' id='word_1_103' title='bbox 429 2056 747 2139; x_wconf 88' lang='grc' dir='ltr'>μαινομένα</span> <span class='ocrx_word' id='word_1_104' title='bbox 777 2058 995 2139; x_wconf 86' lang='grc' dir='ltr'>κραδία,</span> <span class='ocrx_word' id='word_1_105' title='bbox 1031 2058 1298 2134; x_wconf 79' lang='grc' dir='ltr'>διδύμους</span> <span class='ocrx_word' id='word_1_106' title='bbox 1329 2058 1584 2136; x_wconf 84' lang='grc' dir='ltr'>ὁρίσασα</span> <span class='ocrx_word' id='word_1_107' title='bbox 1613 2057 1829 2121; x_wconf 85' lang='grc' dir='ltr'>πόντου</span> 
     </span>
     <span class='ocr_line' id='line_1_22' title="bbox 429 2118 1063 2226; baseline -0.005 -20"><span class='ocrx_word' id='word_1_108' title='bbox 429 2142 659 2221; x_wconf 59' lang='grc' dir='ltr'>πέτρας·</span> <span class='ocrx_word' id='word_1_109' title='bbox 708 2118 801 2205; x_wconf 80' lang='grc' dir='ltr'>έπὶ</span> <span class='ocrx_word' id='word_1_110' title='bbox 831 2144 893 2204; x_wconf 78' lang='grc' dir='ltr'>δὲ</span> <span class='ocrx_word' id='word_1_111' title='bbox 925 2141 1063 2226; x_wconf 70' lang='grc' dir='ltr'>ξένα</span> 
     </span>
     <span class='ocr_line' id='line_1_23' title="bbox 430 2225 2098 2307; baseline -0.001 -17"><span class='ocrx_word' id='word_1_112' title='bbox 430 2228 609 2292; x_wconf 87' lang='grc' dir='ltr'>ναίεις</span> <span class='ocrx_word' id='word_1_113' title='bbox 638 2227 825 2307; x_wconf 82' lang='grc' dir='ltr'>χθονὶ,</span> <span class='ocrx_word' id='word_1_114' title='bbox 860 2230 960 2291; x_wconf 85' lang='grc' dir='ltr'>τᾶς</span> <span class='ocrx_word' id='word_1_115' title='bbox 992 2225 1274 2307; x_wconf 80' lang='grc' dir='ltr'>ἀνάνδρου</span> <span class='ocrx_word' id='word_1_116' title='bbox 2092 2293 2098 2298; x_wconf 55' lang='grc'>,</span> 
     </span>
     <span class='ocr_line' id='line_1_24' title="bbox 430 2310 2225 2392; baseline 0.001 -20"><span class='ocrx_word' id='word_1_117' title='bbox 430 2312 624 2376; x_wconf 83' lang='grc' dir='ltr'>κοίτας</span> <span class='ocrx_word' id='word_1_118' title='bbox 654 2311 921 2374; x_wconf 85' lang='grc' dir='ltr'>ὀλέσασα</span> <span class='ocrx_word' id='word_1_119' title='bbox 943 2310 1195 2392; x_wconf 90' lang='grc' dir='ltr'>λέκτρον</span> <span class='ocrx_word' id='word_1_120' title='bbox 2002 2312 2013 2325; x_wconf 88' lang='grc'><strong><em>’</em></strong></span> <span class='ocrx_word' id='word_1_121' title='bbox 2123 2328 2225 2374; x_wconf 82' lang='grc'>435</span> 
     </span>
     <span class='ocr_line' id='line_1_25' title="bbox 429 2395 1241 2476; baseline 0.004 -20"><span class='ocrx_word' id='word_1_122' title='bbox 429 2395 695 2471; x_wconf 85' lang='grc' dir='ltr'>τάλαινα,</span> <span class='ocrx_word' id='word_1_123' title='bbox 728 2399 920 2474; x_wconf 78' lang='grc' dir='ltr'>φυγὰς</span> <span class='ocrx_word' id='word_1_124' title='bbox 950 2399 1013 2457; x_wconf 92' lang='grc' dir='ltr'>δε</span> <span class='ocrx_word' id='word_1_125' title='bbox 1042 2397 1241 2476; x_wconf 80' lang='grc' dir='ltr'>χώρας</span> 
     </span>
     <span class='ocr_line' id='line_1_26' title="bbox 427 2479 906 2555; baseline 0 -15"><span class='ocrx_word' id='word_1_126' title='bbox 427 2479 629 2555; x_wconf 80' lang='grc' dir='ltr'>ἄτιμος</span> <span class='ocrx_word' id='word_1_127' title='bbox 659 2481 906 2541; x_wconf 78' lang='grc' dir='ltr'>ἐλαύνει.</span> 
     </span>
     <span class='ocr_line' id='line_1_27' title="bbox 1062 2575 1356 2638; baseline 0.007 -16"><span class='ocrx_word' id='word_1_128' title='bbox 1062 2575 1269 2638; x_wconf 81' lang='grc' dir='ltr'>ἆντιστρ.</span> <span class='ocrx_word' id='word_1_129' title='bbox 1302 2577 1356 2632; x_wconf 88' lang='grc' dir='ltr'>β’</span> 
     </span>
     <span class='ocr_line' id='line_1_28' title="bbox 424 2638 1644 2720; baseline 0.004 -19"><span class='ocrx_word' id='word_1_130' title='bbox 424 2639 659 2719; x_wconf 88' lang='grc' dir='ltr'>βέβακε</span> <span class='ocrx_word' id='word_1_131' title='bbox 687 2642 737 2701; x_wconf 91' lang='grc' dir='ltr'>δ’</span> <span class='ocrx_word' id='word_1_132' title='bbox 770 2640 957 2719; x_wconf 84' lang='grc' dir='ltr'>ὅρκων</span> <span class='ocrx_word' id='word_1_133' title='bbox 984 2640 1172 2720; x_wconf 83' lang='grc' dir='ltr'>χάρις,</span> <span class='ocrx_word' id='word_1_134' title='bbox 1204 2642 1327 2703; x_wconf 82' lang='grc' dir='ltr'>οὐδ’</span> <span class='ocrx_word' id='word_1_135' title='bbox 1359 2638 1436 2702; x_wconf 83' lang='grc' dir='ltr'>ἔτ’</span> <span class='ocrx_word' id='word_1_136' title='bbox 1471 2641 1644 2706; x_wconf 79' lang='grc' dir='ltr'>αἰδὼς</span> 
     </span>
     <span class='ocr_line' id='line_1_29' title="bbox 427 2721 1876 2849; baseline 0.004 -64.075"><span class='ocrx_word' id='word_1_137' title='bbox 427 2723 679 2799; x_wconf 84' lang='grc' dir='ltr'>Ἑλλάδι</span> <span class='ocrx_word' id='word_1_138' title='bbox 710 2724 783 2807; x_wconf 74' lang='grc' dir='ltr'>τᾷ</span> <span class='ocrx_word' id='word_1_139' title='bbox 813 2723 1045 2806; x_wconf 86' lang='grc' dir='ltr'>μεγάλα</span> <span class='ocrx_word' id='word_1_140' title='bbox 1070 2721 1256 2802; x_wconf 90' lang='grc' dir='ltr'>μένει,</span> <span class='ocrx_word' id='word_1_141' title='bbox 1298 2725 1523 2803; x_wconf 82' lang='grc' dir='ltr'>αἰθερία</span> <span class='ocrx_word' id='word_1_142' title='bbox 1552 2724 1599 2789; x_wconf 94' lang='grc' dir='ltr'>δ’</span> <span class='ocrx_word' id='word_1_143' title='bbox 1634 2722 1876 2849; x_wconf 82' lang='grc' dir='ltr'>ἆνέπτα.</span> 
     </span>
     <span class='ocr_line' id='line_1_30' title="bbox 426 2786 2222 2888; baseline 0.003 -18"><span class='ocrx_word' id='word_1_144' title='bbox 426 2813 521 2874; x_wconf 83' lang='grc' dir='ltr'>σοὶ</span> <span class='ocrx_word' id='word_1_145' title='bbox 552 2813 605 2873; x_wconf 81' lang='grc' dir='ltr'>δ’</span> <span class='ocrx_word' id='word_1_146' title='bbox 637 2786 771 2872; x_wconf 82' lang='grc' dir='ltr'>οὔτέ</span> <span class='ocrx_word' id='word_1_147' title='bbox 796 2809 1011 2888; x_wconf 86' lang='grc' dir='ltr'>πατρὸς</span> <span class='ocrx_word' id='word_1_148' title='bbox 1033 2811 1217 2886; x_wconf 89' lang='grc' dir='ltr'>δόμοι,</span> <span class='ocrx_word' id='word_1_149' title='bbox 2119 2829 2222 2875; x_wconf 77' lang='grc'>440</span> 
     </span>
     <span class='ocr_line' id='line_1_31' title="bbox 425 2895 1757 2974; baseline -0.002 -18"><span class='ocrx_word' id='word_1_150' title='bbox 425 2895 692 2972; x_wconf 88' lang='grc' dir='ltr'>δύστανε,</span> <span class='ocrx_word' id='word_1_151' title='bbox 722 2895 1189 2974; x_wconf 87' lang='grc' dir='ltr'>μεθορμίσασθαι</span> <span class='ocrx_word' id='word_1_152' title='bbox 1744 2902 1757 2917; x_wconf 76' lang='lat'>²</span> 
     </span>
     <span class='ocr_line' id='line_1_32' title="bbox 418 2976 1406 3061; baseline 0 -20"><span class='ocrx_word' id='word_1_153' title='bbox 418 2982 661 3060; x_wconf 87' lang='grc' dir='ltr'>μόχθων</span> <span class='ocrx_word' id='word_1_154' title='bbox 689 2977 863 3061; x_wconf 85' lang='grc' dir='ltr'>πάρα,</span> <span class='ocrx_word' id='word_1_155' title='bbox 897 2985 1020 3040; x_wconf 87' lang='grc' dir='ltr'>σῶν</span> <span class='ocrx_word' id='word_1_156' title='bbox 1046 2981 1110 3041; x_wconf 81' lang='grc' dir='ltr'>δὲ</span> <span class='ocrx_word' id='word_1_157' title='bbox 1138 2976 1406 3058; x_wconf 86' lang='grc' dir='ltr'>λέκτρων</span> 
     </span>
     <span class='ocr_line' id='line_1_33' title="bbox 418 3063 1211 3144; baseline 0.001 -20"><span class='ocrx_word' id='word_1_158' title='bbox 418 3063 579 3127; x_wconf 80' lang='grc' dir='ltr'>ἄλλα</span> <span class='ocrx_word' id='word_1_159' title='bbox 603 3065 890 3142; x_wconf 88' lang='grc' dir='ltr'>βασίλεια</span> <span class='ocrx_word' id='word_1_160' title='bbox 920 3064 1211 3144; x_wconf 85' lang='grc' dir='ltr'>κρείσσων</span> 
     </span>
    </p>
   </div>
   <div class='ocr_carea' id='block_1_12' title="bbox 405 3147 957 3225">
    <p class='ocr_par' dir='ltr' id='par_1_15' title="bbox 405 3147 957 3225">
     <span class='ocr_line' id='line_1_34' title="bbox 405 3147 957 3225; baseline -0.004 -12"><span class='ocrx_word' id='word_1_161' title='bbox 405 3147 691 3225; x_wconf 70' lang='grc' dir='ltr'>,δόμοισιν</span> <span class='ocrx_word' id='word_1_162' title='bbox 721 3150 957 3211; x_wconf 78' lang='grc' dir='ltr'>ἐπέστα.</span> 
     </span>
    </p>
   </div>
   <div class='ocr_carea' id='block_1_13' title="bbox 415 3230 2214 3741">
    <p class='ocr_par' dir='ltr' id='par_1_16' title="bbox 415 3230 2210 3398">
     <span class='ocr_line' id='line_1_35' title="bbox 415 3230 2210 3313; baseline 0 -20"><span class='ocrx_word' id='word_1_163' title='bbox 415 3231 488 3293; x_wconf 82' lang='grc' dir='ltr'>οὗ</span> <span class='ocrx_word' id='word_1_164' title='bbox 517 3236 621 3294; x_wconf 82' lang='grc' dir='ltr'>νῦν</span> <span class='ocrx_word' id='word_1_165' title='bbox 650 3236 916 3295; x_wconf 84' lang='grc' dir='ltr'>κατεῖδον</span> <span class='ocrx_word' id='word_1_166' title='bbox 945 3239 1193 3313; x_wconf 82' lang='grc' dir='ltr'>πρῶτον,</span> <span class='ocrx_word' id='word_1_167' title='bbox 1225 3233 1387 3295; x_wconf 75' lang='grc' dir='ltr'>ἀλλὰ</span> <span class='ocrx_word' id='word_1_168' title='bbox 1413 3230 1701 3298; x_wconf 83' lang='grc' dir='ltr'>πολλάκις</span> <span class='ocrx_word' id='word_1_169' title='bbox 2109 3247 2210 3294; x_wconf 83' lang='grc'>445</span> 
     </span>
     <span class='ocr_line' id='line_1_36' title="bbox 420 3314 1572 3398; baseline 0.002 -21"><span class='ocrx_word' id='word_1_170' title='bbox 420 3321 699 3397; x_wconf 80' lang='grc' dir='ltr'>τραχεῖαν</span> <span class='ocrx_word' id='word_1_171' title='bbox 728 3316 970 3395; x_wconf 68' lang='grc' dir='ltr'>ὀργην“</span> <span class='ocrx_word' id='word_1_172' title='bbox 940 3342 1016 3381; x_wconf 89' lang='grc' dir='ltr'>ως</span> <span class='ocrx_word' id='word_1_173' title='bbox 1046 3314 1350 3398; x_wconf 86' lang='grc' dir='ltr'>ἀμήχανον</span> <span class='ocrx_word' id='word_1_174' title='bbox 1380 3317 1572 3381; x_wconf 88' lang='grc' dir='ltr'>κακόν.</span> 
     </span>
    </p>

    <p class='ocr_par' dir='ltr' id='par_1_17' title="bbox 418 3400 1786 3486">
     <span class='ocr_line' id='line_1_37' title="bbox 418 3400 1786 3486; baseline 0.001 -25"><span class='ocrx_word' id='word_1_175' title='bbox 418 3403 516 3463; x_wconf 86' lang='grc' dir='ltr'>σοὶ</span> <span class='ocrx_word' id='word_1_176' title='bbox 543 3405 655 3482; x_wconf 76' lang='grc' dir='ltr'>γὰρ</span> <span class='ocrx_word' id='word_1_177' title='bbox 684 3400 872 3486; x_wconf 86' lang='grc' dir='ltr'>παρὸν</span> <span class='ocrx_word' id='word_1_178' title='bbox 900 3404 1012 3480; x_wconf 84' lang='grc' dir='ltr'>γῆν</span> <span class='ocrx_word' id='word_1_179' title='bbox 1040 3402 1212 3479; x_wconf 89' lang='grc' dir='ltr'>τήνδε</span> <span class='ocrx_word' id='word_1_180' title='bbox 1242 3402 1337 3464; x_wconf 83' lang='grc' dir='ltr'>καὶ</span> <span class='ocrx_word' id='word_1_181' title='bbox 1366 3403 1576 3481; x_wconf 80' lang='grc' dir='ltr'>δόμους</span> <span class='ocrx_word' id='word_1_182' title='bbox 1606 3400 1786 3483; x_wconf 82' lang='grc' dir='ltr'>ἔχειν,</span> 
     </span>
    </p>

    <p class='ocr_par' dir='ltr' id='par_1_18' title="bbox 419 3484 1750 3571">
     <span class='ocr_line' id='line_1_38' title="bbox 419 3484 1750 3571; baseline -0.001 -23"><span class='ocrx_word' id='word_1_183' title='bbox 419 3486 652 3566; x_wconf 91' lang='grc' dir='ltr'>κούφως</span> <span class='ocrx_word' id='word_1_184' title='bbox 680 3484 942 3571; x_wconf 75' lang='grc' dir='ltr'>φερούσῃ</span> <span class='ocrx_word' id='word_1_185' title='bbox 974 3487 1333 3564; x_wconf 91' lang='grc' dir='ltr'>κρεισσόνων</span> <span class='ocrx_word' id='word_1_186' title='bbox 1352 3487 1750 3567; x_wconf 83' lang='grc' dir='ltr'>βουλεύματα,</span> 
     </span>
    </p>

    <p class='ocr_par' dir='ltr' id='par_1_19' title="bbox 416 3547 1647 3653">
     <span class='ocr_line' id='line_1_39' title="bbox 416 3547 1647 3653; baseline 0.004 -23"><span class='ocrx_word' id='word_1_187' title='bbox 416 3573 615 3652; x_wconf 84' lang='grc' dir='ltr'>λόγων</span> <span class='ocrx_word' id='word_1_188' title='bbox 642 3547 921 3649; x_wconf 88' lang='grc' dir='ltr'>ματαίων</span> <span class='ocrx_word' id='word_1_189' title='bbox 932 3569 1114 3632; x_wconf 78' lang='grc' dir='ltr'>οὕνεκ’</span> <span class='ocrx_word' id='word_1_190' title='bbox 1150 3572 1392 3632; x_wconf 79' lang='grc' dir='ltr'>ἐκπεσεῖ</span> <span class='ocrx_word' id='word_1_191' title='bbox 1416 3574 1647 3653; x_wconf 86' lang='grc' dir='ltr'>χθονός.</span> 
     </span>
    </p>

    <p class='ocr_par' dir='ltr' id='par_1_20' title="bbox 417 3653 2214 3741">
     <span class='ocr_line' id='line_1_40' title="bbox 417 3653 2214 3741; baseline 0.003 -27"><span class='ocrx_word' id='word_1_192' title='bbox 417 3655 589 3732; x_wconf 84' lang='grc' dir='ltr'>κάμοὶ</span> <span class='ocrx_word' id='word_1_193' title='bbox 616 3657 724 3734; x_wconf 79' lang='grc' dir='ltr'>μὲν</span> <span class='ocrx_word' id='word_1_194' title='bbox 751 3655 921 3719; x_wconf 79' lang='grc' dir='ltr'>οὐδὲν</span> <span class='ocrx_word' id='word_1_195' title='bbox 949 3659 1206 3734; x_wconf 78' lang='grc' dir='ltr'>πρᾶγμα·</span> <span class='ocrx_word' id='word_1_196' title='bbox 1250 3653 1329 3733; x_wconf 81' lang='grc' dir='ltr'>μὴ</span> <span class='ocrx_word' id='word_1_197' title='bbox 1360 3656 1556 3741; x_wconf 85' lang='grc' dir='ltr'>παύσῃ</span> <span class='ocrx_word' id='word_1_198' title='bbox 1588 3659 1732 3719; x_wconf 75' lang='grc' dir='ltr'>ποτὲ</span> <span class='ocrx_word' id='word_1_199' title='bbox 2112 3672 2214 3719; x_wconf 78' lang='grc'>450</span> 
     </span>
    </p>
   </div>
   <div class='ocr_carea' id='block_1_14' title="bbox 2485 0 2492 331">
    <p class='ocr_par' dir='ltr' id='par_1_21' title="bbox 2485 0 2492 331">
     <span class='ocr_line' id='line_1_41' title="bbox 2485 0 2492 331; baseline 0 0"><span class='ocrx_word' id='word_1_200' title='bbox 2485 0 2492 331; x_wconf 50' lang='grc' dir='ltr'>ὶ</span> 
     </span>
    </p>
   </div>
   <div class='ocr_carea' id='block_1_15' title="bbox 1106 331 2492 743">
    <p class='ocr_par' dir='ltr' id='par_1_22' title="bbox 1106 331 2492 743">
     <span class='ocr_line' id='line_1_42' title="bbox 1106 331 1426 375; baseline 0.006 -2"><span class='ocrx_word' id='word_1_201' title='bbox 1106 331 1426 375; x_wconf 70' lang='grc' dir='ltr'><strong>ΕΥΡΙΠΙΔΟΥ</strong></span> 
     </span>
     <span class='ocr_line' id='line_1_43' title="bbox 2144 342 2492 743; baseline -0.003 -52"><span class='ocrx_word' id='word_1_202' title='bbox 2144 646 2249 691; x_wconf 79' lang='lat'>410</span> <span class='ocrx_word' id='word_1_203' title='bbox 2470 342 2492 743; x_wconf 46' lang='grc' dir='ltr'>Ῑ</span> 
     </span>
    </p>
   </div>
   <div class='ocr_carea' id='block_1_16' title="bbox 2488 738 2492 1300">
    <p class='ocr_par' dir='ltr' id='par_1_23' title="bbox 2488 738 2492 1300">
     <span class='ocr_line' id='line_1_44' title="bbox 2488 738 2492 1300; baseline 0 0"><span class='ocrx_word' id='word_1_204' title='bbox 2488 738 2492 1300; x_wconf 95' lang='lat' dir='ltr'> </span> 
     </span>
    </p>
   </div>
  </div>
 </body>
</html>
