2492 4092
311 245 370 295 24

312 901 441 960 XO.

1141 252 1463 294 ΕΥΡΙΠΙΔΟΥ

481 390 586 448 νῦν
616 382 684 457 δ’,
721 386 788 449 οὐ
818 389 930 466 γὰρ
961 383 1079 461 ἵησ’
1114 383 1340 462 οὗρίους
1370 384 1552 447 πνοᾶς
1583 383 1732 456 θεὸς,

477 469 677 548 μένειν
707 470 929 547 ἀνάγκη
961 472 1150 531 πλοῢν
1182 468 1439 547 ὁρῶντας
1468 470 1713 549 ἥσυχον.
1817 514 1822 519 »

478 554 709 634 γένοιτο
738 553 785 616 δ’
822 555 886 618 εὖ
915 575 1062 618 πως·
1106 556 1255 615 πᾶσι
1285 554 1398 632 γὰρ
1429 552 1624 616 κοινὸν
1655 556 1807 626 τόδε,

479 643 596 722 ἰδίᾳ
627 638 676 702 θ’
711 637 936 723 ἑκάστῳ
970 638 1063 700 καὶ
1091 642 1285 715 πόλει,
1317 639 1420 700 τὸν
1447 641 1555 717 μὲν
1585 638 1764 702 κακὸν

479 724 657 787 κακόν
685 748 742 787 τι
763 722 1021 804 πάσχειν
1048 721 1152 786 τὸν
1181 723 1244 785 δὲ
1273 721 1538 803 χρηστὸν
1569 724 1853 807 εὐτυχεῖν.

1143 850 1247 895 στρ.
1273 832 1317 882 ά.

479 897 554 961 σὺ
582 898 707 975 μὲν,
737 895 780 958 ὦ
812 896 1018 977 πατρὶς
1046 896 1250 967 Ἰλιὰς,

479 984 599 1045 τῶν
629 980 974 1062 ἀπορθήτων
1003 984 1175 1046 πόλις
1205 978 1398 1044 οὐκέτι
1425 979 1606 1058 λέξει·

479 1071 642 1135 τοῖον
668 1064 983 1131 Ἑλλάνων
1012 1065 1193 1145 νέφος
1224 1065 1382 1144 ἆμφί
1407 1090 1483 1129 σε
1515 1066 1751 1144 κρύπτει

479 1153 604 1231 δορὶ
634 1150 703 1228 δὴ
735 1154 859 1231 δορὶ
889 1151 1137 1230 πέρσαν.

479 1236 594 1299 ἀπὸ
624 1237 689 1299 δὲ
717 1234 1020 1315 στεφάναν
1050 1235 1326 1315 κέκαρσαι

476 1321 730 1401 πύργων,
763 1323 906 1383 κατὰ
933 1327 979 1383 δ’
1009 1321 1257 1385 αἰθάλου

476 1405 662 1481 κηλῖὃ’
695 1405 1072 1486 οἶκτροτάταν
1100 1405 1413 1487 κέχρωσαι,

472 1489 722 1569 τάλαιν’,
752 1489 941 1555 οὐκέτι
972 1489 1025 1551 σ’
1063 1492 1437 1569 ἐμβατεύσω.

1137 1591 1239 1640 ἀντ.
1265 1588 1308 1640 ά.

476 1655 858 1732 μεσονύκτιος
889 1654 1188 1732 ὦλλύμαν,

476 1738 622 1817 ἦμος
652 1740 714 1801 ἐκ
745 1739 994 1802 δείπνων
1021 1741 1201 1802 ὕπνος
1229 1738 1367 1815 ἡδὺς
1398 1736 1484 1800 ἐπ’
1520 1739 1727 1803 ὄσσοις

484 1824 763 1900 κίδναται,
794 1828 1029 1900 μολπᾶν
1057 1822 1103 1885 5²
1138 1823 1255 1885 ἄπο
1286 1823 1378 1886 καὶ
1408 1824 1745 1905 χοροποιῶν

478 1909 687 1971 θυσιᾶν
717 1907 1091 1972 καταπαύσας

477 1994 652 2057 πόσις
683 1995 748 2056 ἑν
777 1992 1061 2071 θαλάμοις
1091 1992 1298 2064 ἔκειτο,

476 2076 693 2155 ξυστὸν
719 2076 768 2139 δ’
802 2077 896 2139 ἐπὶ
924 2077 1240 2163 πασσάλῳ,

475 2162 691 2225 ναύταν
719 2161 905 2225 οὐκέθ’
940 2164 1093 2243 ὁρῶν
1122 2166 1334 2242 ὅμιλον

474 2247 696 2328 Τροίαν
720 2245 925 2311 Ἰλιάδ’
959 2251 1299 2328 ἔμβεβωτα.

1140 2365 1203 2396 στ
1231 2384 1243 2397 .
1266 2346 1331 2404 β’.

479 2415 593 2490 ἐγὼ
618 2414 684 2474 δὲ
712 2412 1018 2488 πλόκαμον
1046 2367 1345 2475 &nabaz-ms

473 2499 771 2575 μίτραισιν
801 2495 1219 2575 ἑρρυθμιζόμαν

473 2578 743 2661 χρυσέων
772 2581 1066 2659 ἐνόπτρων

470 2662 791 2729 λεύσσουσ’
827 2663 1143 2744 ἆτέρμονας
1175 2667 1257 2730 εἶς
1287 2666 1487 2744 αὐγὰς,

476 2749 804 2828 ἑπιδέμνιος
828 2751 904 2814 ὦς
933 2751 1171 2828 πέσοιμ’
1204 2751 1264 2816 ἐς
1297 2749 1482 2814 εὐνάν.

474 2836 585 2899 ἆνᾶ
609 2836 672 2897 δὲ
703 2834 946 2900 κέλαδος
977 2833 1157 2914 ἔμολε
1184 2837 1385 2900 πόλιν·

474 2921 769 3000 κέλευσμα
798 2919 846 2981 δ’
876 2919 950 2997 ἦν
980 2921 1106 2982 κατ’
1139 2918 1292 2981 ἄστυ
1320 2921 1537 2999 Τροίας
1567 2920 1710 2982 τόδ’·
1740 2920 1787 2981 ὦ

470 3009 675 3070 παῖδες
710 3002 1040 3083 Ἑλλάνων,
1070 3004 1216 3066 πότε
1244 3002 1313 3080 δὴ
1344 3007 1488 3067 πότε
1516 3007 1622 3065 τᾶν

470 3087 698 3152 Ἰλιάδα
728 3090 980 3152 σκοπιδιν
1007 3087 1331 3169 πέρσαντες
1358 3085 1512 3164 ἥξετ’
1548 3090 1775 3161 οἵκους;

1133 3197 1237 3247 ἀντ.
1261 3194 1327 3252 β’.

468 3260 617 3342 λέχη
649 3265 712 3325 δὲ
741 3263 916 3343 φίλια
943 3262 1314 3340 μονόπεπλος

468 3350 749 3422 λιποῦσα,
783 3346 975 3424 Δωρὶς
1006 3347 1082 3410 ὦς
1111 3348 1272 3426 κόρα,

471 3432 691 3509 σεμνᾶν
717 3430 1059 3508 προσίζουο)

468 3517 571 3578 οὐκ
598 3513 764 3592 ἥνυσ’
790 3511 1073 3593 Ἀρτεμιν
1094 3515 1132 3576 ἆ
1160 3515 1420 3595 τλάμων

368 3604 373 3613 “
466 3599 683 3679 ἄγομαι
714 3600 779 3662 δὲ
808 3597 1034 3661 θανόντ’
1069 3598 1251 3663 Ζδοῦσ’
1279 3600 1518 3666 ἀκοίταν

2183 916 2287 970 905

2184 1254 2288 1304 910

2182 1757 2283 1811 915
2375 1792 2380 1797 .

2181 2096 2286 2149 920

2175 2598 2280 2653 925

2173 3016 2276 3066 9³0

2165 3438 2267 3493 935
