2492 4092
244 342 308 389 88

238 1245 358 1304 ΤΡ.

231 2937 362 2994 XO.

1070 349 1391 392 ΕΥΡΙΠΙΔΟΥ

414 481 507 543 καὶ
535 482 696 557 λῆμα
725 486 955 561 φρενῶν
981 481 1202 559 μεθείη.

411 563 585 641 μήτοι
613 567 684 628 τό
710 567 769 644 γ’
801 566 940 643 ἐμὸν
968 567 1266 646 πρόθυμον

414 652 685 728 φίλοισιν
715 650 974 714 ἀπέστω.

413 737 573 797 ἀλλὰ
599 734 769 811 βᾶσά
796 758 889 797 νιν

414 822 582 897 δεῦρο
612 820 910 896 πόρευσον
940 821 1113 882 οἴκων

413 901 544 980 ἔξω,
575 903 728 981 φίλα
758 901 851 964 καὶ
879 902 1004 965 τάδ’
1037 904 1202 967 αὔδα·

413 992 680 1050 σπεῦσον
708 988 773 1050 δέ
797 1012 854 1050 τι
883 990 1020 1067 πρὶν
1048 994 1308 1050 κακῶσαι

410 1072 544 1137 τοὺς
574 1074 742 1134 εἴσω·

410 1156 627 1220 πένθος
653 1159 765 1236 γὰρ
793 1156 1066 1236 μεγάλως
1093 1156 1213 1217 τόδ’
1247 1158 1509 1235 ὁρμᾶται.

411 1241 609 1319 δράσω
638 1240 788 1302 τάδ’·
835 1243 977 1320 ἆτᾶρ
1008 1244 1205 1321 φόβος
1235 1243 1288 1306 εἰ
1316 1241 1505 1305 πείσω

411 1325 728 1390 δέσποιναν
756 1324 916 1402 ἐμήν·

406 1410 632 1490 μόχθου
661 1413 727 1472 δὲ
753 1410 928 1490 χάριν
957 1409 1112 1486 τήνδ’
1143 1411 1431 1475 ἐπιδώσω.

412 1497 596 1557 καίτοι
625 1495 866 1560 τοκάδος
897 1496 1115 1575 δέργμα
1144 1496 1384 1573 λεαίνης

412 1581 835 1661 ἆποταυροῦται
867 1581 1108 1659 δμωσὶν,
1140 1582 1282 1642 ὅταν
1310 1605 1398 1644 τις

408 1668 592 1744 μῦθον
620 1663 931 1743 προφέρων
959 1665 1143 1727 πέλας
1173 1665 1416 1749 ὃρμηθῇ.

411 1749 646 1812 σκαιοὺς
676 1751 739 1810 δὲ
768 1747 960 1825 λέγων
991 1747 1191 1810 κούδέν
1217 1773 1274 1810 τι
1304 1749 1530 1829 σοφοὺς

407 1833 541 1896 τοὺς
570 1834 793 1912 πρόσθε
819 1832 1070 1911 βροτοὺς
1100 1832 1203 1893 οὐκ
1233 1830 1364 1894 ἂν*
1335 1834 1630 1914 αμάρτοις,

407 1919 612 1981 οἵτινες
642 1918 852 1994 ὕμνους
883 1918 977 1979 ἐπὶ
1006 1918 1113 1994 μὲν
1142 1919 1374 2003 θαλίαις

407 2002 508 2063 ἐπί
531 2002 582 2062 τ’
616 2004 942 2066 εἰλαπίναις
972 2002 1063 2062 καὶ
1094 2004 1252 2080 παρὰ
1279 2003 1532 2068 δείπνοις

405 2087 668 2166 ηὕροντο,
702 2086 839 2164 βίου
868 2090 1118 2166 τερπνὰς
1147 2087 1344 2165 ἆκοᾶς,

407 2173 678 2251 στυγίους
708 2174 772 2233 δὲ
800 2178 1031 2251 βροτῶν
1061 2171 1249 2236 οὐδεὶς
1277 2174 1467 2240 λύπας

406 2259 613 2337 ηὕρετο
641 2258 833 2342 μούσῃ
865 2260 959 2320 καὶ
988 2259 1376 2337 πολυχόρδοις

406 2341 579 2425 ωδαΐς
608 2344 832 2412 παύειν,
869 2339 1003 2416 ἐξ
964 2367 1045 2403 ων
1073 2338 1313 2403 θάνατοι

406 2427 595 2489 δειναί
617 2450 684 2486 τε
710 2426 883 2505 τύχαι
912 2425 1260 2503 σφάλλουσι
1289 2424 1517 2503 δόμους.

406 2510 593 2572 καίτοι
622 2506 761 2569 τάδε
787 2509 895 2585 μὲν
926 2510 1123 2587 κέρδος
1154 2508 1422 2568 ἀκεῖσθαι

402 2593 689 2670 μολπαῖσι
716 2591 986 2669 βροτούς·
1034 2593 1128 2654 ἵνα
1158 2592 1209 2651 δ’
1242 2591 1529 2655 εὔδειπνοι

404 2681 614 2747 δαῖτες,
650 2680 712 2740 τί
735 2673 923 2754 μάτην
952 2676 1211 2739 τείνουσι
1238 2673 1430 2752 βοάν;

400 2761 468 2825 τὸ
497 2761 682 2842 παρὸν
714 2763 822 2842 γὰρ
852 2761 977 2842 ἔχει
1006 2761 1216 2841 τέρψιν
1246 2761 1352 2839 ἀφ’
1387 2763 1563 2822 αὑτοῦ

403 2847 598 2912 δαιτὸς
628 2846 914 2927 πλήρωμα
942 2851 1274 2925 βροτοῖσιν.

407 2934 582 3012 ἶαχᾶν
610 2935 738 2994 ἄϊον
766 2933 1132 2995 πολύστονον
1159 2932 1337 3011 γόων,

400 3019 612 3095 λιγυρὰ
640 3016 691 3078 δ’
724 3018 873 3096 ἄχεα
901 3020 1123 3094 μογερὰ
1149 3017 1271 3096 βοᾷ

400 3100 504 3162 τὸν
535 3104 596 3163 ἐν
625 3099 792 3181 λέχει
822 3102 1111 3181 προδόταν
1140 3099 1533 3175 κακόνυμφον·

402 3189 709 3247 θεοκλυτεῖ
733 3185 784 3246 δ’
817 3188 986 3248 ἄδικα
1014 3187 1287 3257 παθοῦσα

398 3274 507 3332 τᾶν
537 3270 723 3344 Ζηνὸς
754 3270 951 3346 ὁρκίαν
981 3269 1189 3347 Θέμιν,
1222 3269 1262 3330 ἆ
1290 3292 1381 3330 νιν
1409 3266 1629 3342 ἔβασεν

399 3352 649 3415 Ἑλλάδ’
682 3354 742 3417 ἐς
773 3353 1086 3429 ἀντίπορον
1338 3430 1347 3439 ἐ

400 3438 473 3501 δι’
504 3437 622 3500 ἅλα
650 3438 851 3517 νύχιον
880 3439 979 3515 ἐφ’
1012 3440 1277 3516 ἁλμυρὰν

398 3523 620 3586 πόντου
653 3523 815 3608 κλῇδ’
847 3519 1191 3599 ἀπέραντον.

231 3612 379 3669 ΜΗ.
407 3610 709 3686 Κορίνθιαι
736 3611 1024 3686 γυναῖκες,
1056 3603 1307 3680 ἐξῆλθον
1336 3607 1549 3687 δόμων,

397 3689 476 3765 μή
506 3691 612 3767 μοί
635 3715 690 3753 τι
719 3692 1054 3772 μέμψησθ’·
1096 3688 1229 3750 οιὸα
1259 3692 1368 3770 γὰρ
1396 3692 1657 3758 πολλοὺς
1683 3696 1921 3773 βροτῶν

2111 1257 2207 1304 185

2108 1679 2206 1731 190

2108 2102 2202 2153 195

2097 2522 2202 2568 200

2098 2942 2199 2991 205

2091 3366 2203 3414 210
