2492 4092
1116 336 1364 380 ΜΗΔΕῘΑ.

254 489 393 550 ΧΟ.
428 485 503 552 ὧς
533 483 712 550 οὐκέτ’
746 486 933 550 ὄντων
962 489 1086 548 σῶν
1114 483 1333 549 τέκνων
1363 482 1639 565 φρόντιζε
1668 490 1762 561 δηῗ

253 574 360 633 ῙΑ.
424 575 537 634 ποῦ
565 570 677 651 γάρ
707 595 797 635 νιν
826 572 1056 647 ἔκτειν’,
1087 568 1250 634 ἐντὸς
1279 568 1316 646 ἢ
1342 566 1552 644 ’ξωθεν
1581 571 1817 647 δόμων)

251 659 389 718 ΧΟ.
423 657 612 721 πύλας
644 653 879 731 ἀνοίξας
909 659 1032 717 σῶν
1059 654 1276 717 τέκνων
1304 655 1446 734 ὄψει
1473 653 1679 734 φόνον.

255 742 362 803 ΙΑ.
419 745 645 820 χαλᾶτε
675 742 889 848 κλῇδας
921 738 996 803 ὡς
1027 735 1298 819 τάχιστα,
1302 738 1685 816 ·,πρόσπολοι

431 823 718 888 ἐκλύεθ’“
691 823 925 903 αρμοὺς,
959 822 1035 887 ὥς
1063 825 1166 885 ἴδω
1198 826 1448 885 διπλοῦν
1478 821 1672 893 κακὸν,

424 910 558 974 τοὺς
585 910 695 987 μὲν
723 909 1025 985 θανόντας,
1054 932 1161 984 την
1190 909 1257 969 δὲ
1284 906 1537 986 τίσωμαι
1568 909 1753 991 φόνῳ.

258 997 409 1058 ΜΗ.
430 994 491 1055 τί
514 992 697 1058 τάσδε
726 1017 903 1058 κινεις
933 991 1393 1073 κᾶναμοχλεύεις
1421 995 1631 1069 πύλας,

428 1080 665 1158 νεκροὺς
695 1080 942 1157 ἐρευνῶν
972 1079 1118 1156 κάμὲ
1145 1077 1253 1153 τὴν
1283 1076 1706 1156 εἷργασμένην;

310 1204 315 1209 ·
423 1169 647 1225 παῦσαι
677 1164 860 1225 πόνου
889 1163 1067 1227 τοῦδ’.
1157 1164 1210 1225 εἰ
1240 1164 1293 1224 δ’
1327 1164 1468 1240 ἐμοῦ
1496 1159 1763 1242 χρείαν”
1731 1184 1908 1242 εχεις,

424 1246 552 1327 λέγ’
583 1249 719 1309 εἴτι
746 1247 978 1325 βούλει,
1009 1249 1161 1352 χειρὶ
1191 1245 1237 1309 δ’
1275 1247 1341 1308 οὗ
1370 1248 1627 1327 ψαύσεις
1657 1245 1816 1307 ποτέ.

428 1333 644 1394 τοιόνδ’
675 1332 873 1410 ὄχημα
900 1328 1118 1408 πατρὸς
1139 1329 1364 1394 Ἥλιος
1392 1329 1582 1406 πατὴρ

432 1415 728 1478 δίδωσινε
698 1419 852 1494 ημὶν,
885 1413 1068 1494 ἔρυμα
1095 1414 1381 1490 πολεμίας
1409 1414 1604 1495 χερός,

259 1504 364 1566 ῙΑ.
427 1525 473 1561 ω
502 1507 692 1580 μῖσος,
728 1526 773 1560 ω
803 1497 1088 1578 μέγιστον
1116 1500 1362 1581 ἐχθιστη
1391 1502 1565 1577 γύναι

428 1588 585 1650 θεοῖς
613 1609 679 1648 τε
708 1585 884 1663 κάμοὶ
909 1585 1089 1647 παντί
1111 1583 1163 1645 τ’
1196 1583 1516 1664 ἀνθρώπων
1542 1580 1719 1661 γένει,

429 1671 556 1747 ἥτις
584 1669 842 1735 τέκνοισι
871 1673 1074 1734 σοῖσιν
1103 1670 1394 1747 ἐμβαλεῖν
1424 1666 1597 1749 ξίφος

428 1754 603 1831 ἔτλης
632 1760 904 1826 τεκοῦσα,
939 1753 1070 1833 κᾶμ’
1102 1752 1296 1816 ἄπαιδ’
1328 1754 1664 1817 ἀπώλεσας·

431 1839 525 1901 καὶ
554 1844 737 1902 ταῦτα
766 1839 1014 1920 δράσασ’
1045 1839 1218 1918 ἥλιόν
1245 1863 1313 1902 τε
1340 1837 1745 1919 προσβλέπεις

432 1924 528 1985 καὶ
555 1930 752 2003 γαῖαν,
785 1924 959 2005 ἔργον
988 1927 1181 1988 τλᾶσα
1210 1922 1712 2002 δυσσεβέστατον.

428 2007 601 2071 ὀλοι’
651 2010 766 2087 ἐγω
798 2011 863 2070 δὲ
893 2014 995 2074 νῦν
1026 2013 1245 2089 φρονῶ,
1280 2009 1403 2070 τότ’
1436 2008 1503 2069 οὗ
1535 2013 1772 2087 φρονῶν

432 2091 521 2152 ὅτ)
555 2092 619 2153 ἐκ
648 2092 843 2170 δόμων
872 2118 946 2156 σε
973 2091 1285 2171 βαρβάρου
1314 2092 1369 2154 τ’
1400 2091 1516 2153 ἀπὸ
1545 2087 1760 2171 χθονὸς

425 2174 682 2253 Ἕλλην’
714 2177 774 2240 ἐς
804 2176 968 2240 οἶκον
994 2175 1239 2255 ἠγόμην,
1277 2175 1454 2239 κακὸν
1481 2173 1651 2253 μέγα,

430 2261 652 2339 πατρός
678 2284 744 2323 τε
775 2262 868 2324 καὶ
898 2263 1005 2339 γῆς
1035 2261 1312 2339 προδότιν
1337 2259 1377 2336 ἥ
1407 2259 1465 2321 σ’
1500 2256 1816 2337 ἐθρέψατο

432 2345 538 2408 τὸν
569 2343 680 2408 σὸν
708 2346 761 2407 δ’
793 2343 1074 2425 ἆλάστορ’
1108 2348 1191 2409 εἰς
1223 2341 1311 2422 ἔμ’
1346 2343 1621 2423 ἔσκηψαν
1651 2342 1793 2405 θεοί·

432 2434 732 2494 κτανοῦσα
759 2433 871 2510 γὰρ
903 2429 972 2508 δὴ
1005 2430 1115 2494 σὸν
1145 2427 1320 2493 κάσιν
1346 2427 1685 2509 παρέστιον,

431 2513 503 2575 τὸ
533 2517 945 2599 καλλίπρῳρον
975 2512 1217 2595 εἰσέβης
1243 2512 1495 2595 Ἀργοῦς
1526 2510 1777 2591 σκάφος.

431 2596 593 2677 ἤρξω
621 2601 731 2677 μὲν
761 2602 824 2662 ἐκ
853 2607 1113 2673 τοιῶνδε,
1148 2603 1553 2682 νυμφευθεισα
1582 2602 1648 2663 δὲ

433 2686 574 2761 παρ’
606 2684 772 2763 ἀνδρὶ
800 2687 950 2768 τῷδε
981 2686 1075 2747 καὶ
1105 2683 1358 2748 τεκοῦσά
1385 2709 1487 2762 μοι
1516 2682 1708 2760 τέκνα,

434 2766 605 2843 εὐνης
633 2765 795 2829 ἕκατι
827 2768 921 2828 καὶ
949 2767 1164 2847 λέχους
1195 2766 1302 2847 σφ’
1338 2769 1675 2830 ἀπώλεσας.

436 2848 541 2911 οὐκ
570 2848 803 2912 ἔστιν’
763 2875 890 2928 ητις
918 2853 1075 2912 τοῦτ’
1108 2849 1182 2914 ἂν
1207 2849 1493 2927 Ἑλληνὶς
1520 2849 1667 2927 γυνὴ

436 2932 580 3009 ἔτλη
611 2932 766 3006 ποθ’,
803 2935 884 2996 ὧν
911 2958 983 3014 γε
1011 2936 1274 3014 πρόσθεν
1301 2933 1504 3011 ἠξίουν
1534 2935 1650 3014 ἐγω

434 3019 622 3098 γῆμαί
632 3033 738 3099 σε,
768 3023 939 3097 κῆδος
969 3018 1183 3100 ἐχθρὸν
1210 3018 1480 3098 ὀλέθριόν
1506 3018 1559 3081 τ’
1586 3015 1736 3097 ἐμοὶ,

434 3104 705 3180 λέαιναν,
736 3104 802 3167 οὗ
830 3111 1091 3185 γυναῖκα,
1125 3107 1229 3182 τῆς
1257 3104 1619 3184 Τυρσηνίδος

436 3188 709 3266 Σκύλλης
740 3189 999 3271 ἔχουσαν
1028 3189 1386 3272 ἆγριωτέραν
1414 3188 1618 3271 φύσιν.

438 3272 580 3335 ἀλλ’
611 3274 679 3336 οὗ
709 3275 819 3356 γὰρ
848 3273 922 3336 ἄν
951 3298 1025 3336 σε
1052 3275 1278 3352 μυρίοις
1309 3274 1562 3337 ὀνείδεσι

436 3353 686 3437 δάκοιμι·
733 3359 949 3422 τοιόνδ’
981 3357 1282 3438 ἐμπέφυκέ
1312 3382 1412 3420 σοι
1439 3355 1675 3438 θράσος·

436 3438 579 3520 ἔρρ’,
612 3443 675 3504 αἱ
677 3446 964 3524 σχροποιὲ
994 3446 1086 3506 καὶ
1115 3443 1335 3507 τέκνων
1361 3443 1659 3524 μιαιφόνε.

437 3524 569 3602 ἐμοὶ
599 3467 793 3588 δὲσχρ
691 3529 794 3591 τὸν
823 3529 964 3607 ἐμὸν
994 3527 1220 3606 δαίμον’
1253 3526 1475 3603 αἰάζειν
1502 3527 1680 3608 πάρα,

437 3608 504 3675 ὃς
532 3610 666 3674 οὔτε
692 3611 950 3692 λέκτρων
972 3612 1280 3694 νεογάμων
1309 3611 1616 3692 ὀνήσομαι,

437 3695 510 3759 οὐ
537 3700 747 3763 παῖδας
775 3698 875 3763 οὓς
904 3697 1100 3779 ἔφυσα
1131 3697 1584 3779 κάξεθρεψάμην

2142 328 2234 383 11?

2094 836 2229 885 1315

2094 1260 2228 1309 1320

2104 1677 2224 1729 1325

2106 2102 2237 2149 1330

2111 2523 2241 2572 1³35

2118 2946 2248 2995 1340

2117 3369 2249 3420 1345
