2492 4092
283 261 345 310 20
1113 257 1432 300 ΕΥΡΙΠΙΔΟΥ

283 399 408 456 ΕΚ.
469 392 540 473 ἆρ
591 391 968 472 ἐκλογίζομαί
991 415 1061 471 γε
1090 389 1233 468 πρὸς
1256 390 1323 452 τὸ
1355 393 1634 469 δυσμενὲς

468 481 700 555 μᾶλλον
731 475 950 556 φρένας
980 474 1157 549 τοῦδ’,
1190 476 1358 538 ὄντος
1388 473 1521 556 οὐχὶ
1544 479 1864 552 δυσμενοῦς
1890 501 1907 552 3

286 567 399 625 ΑΓ.
465 563 521 624 εἴ
545 562 640 622 τοί
665 585 738 639 με
765 563 977 638 βούλει
1006 563 1187 622 τῶνδε
1215 561 1397 638 μηδὲν
1421 559 1650 628 εἰδέναι,

451 649 510 710 ἐς
539 645 748 708 ταύτὸν
774 643 951 721 ἢκεις·
985 644 1076 705 καὶ
1111 646 1215 723 γὰρ
1247 645 1370 706 οὐδ’
1404 644 1517 724 ἐγὼ
1552 645 1763 708 κλύειν.

286 737 412 796 ΕΚ.
461 731 564 792 οὐκ
594 728 666 790 ἂν
696 731 973 808 δυναίμην
1002 734 1171 793 τοῦδε
1198 736 1471 809 τιμωρεῖν
1501 729 1638 810 ἄτερ

451 815 709 879 τέκνοισι
738 819 860 879 τοῖς
892 816 1104 895 ἐμοῖσι.
1193 815 1255 877 τί
1273 812 1509 895 στρέφω
1540 815 1676 877 τάδε
1693 841 1711 892 3

448 902 672 977 τολμᾶν
701 898 943 980 ἀνάγκη,
976 897 1082 961 κᾶν
1110 901 1267 980 τύχω
1299 896 1406 963 κᾶν
1432 897 1511 977 μὴ
1541 901 1721 979 τύχω.

447 984 841 1064 Ἀγάμεμνον,
876 984 1106 1048 ἱκετεύω
1131 1009 1203 1045 σε
1231 987 1414 1046 τῶνδε
1441 981 1741 1064 γουνάτων

452 1071 545 1132 καὶ
577 1074 686 1129 σοῦ
708 1071 936 1150 γενείου
966 1068 1157 1145 δεξιᾶς
1187 1064 1234 1130 τ’
1271 1067 1632 1146 εὐδαίμονος.

282 1161 399 1217 ΑΓ.
448 1156 510 1217 τί
524 1156 724 1233 χρῆμα
751 1154 1125 1232 μαστεύουσα
1143 1178 1162 1230 3
1206 1158 1332 1234 μῶν
1363 1154 1671 1233 ἐλεύθερον

451 1238 632 1302 αἰῶνα
661 1237 901 1317 θέσθαι3
944 1239 1147 1322 ῥᾴδιον
1175 1237 1289 1318 γάρ
1320 1237 1454 1300 ἐστί
1478 1264 1597 1302 σοι.

283 1330 412 1388 ΕΚ.
461 1325 526 1386 οὗ
551 1326 715 1401 δῆτα·
762 1323 895 1389 τοὺς
927 1325 1135 1388 κακοὺς
1166 1328 1230 1386 δὲ
1256 1323 1674 1404 τιμωρουμένη,

450 1413 632 1472 αἰῶνα
660 1408 764 1471 τὸν
794 1408 1100 1488 ξύμπαντα
1132 1414 1447 1471 δουλεῦσαι
1479 1409 1651 1471 θέλω.

194 1555 207 1561 -
283 1502 384 1556 ΑΓ
453 1496 546 1557 καὶ
574 1495 646 1570 δὴ
676 1492 783 1557 τίν’
815 1497 965 1572 ἡμᾶς
995 1497 1078 1559 εἷς
1110 1492 1427 1572 ἐπάρκεσιν
1458 1499 1655 1558 καλεῖς
1673 1520 1692 1569 3

286 1585 409 1641 ΕΚ.
460 1580 630 1642 οὐδέν
659 1605 714 1641 τι
742 1581 962 1641 τούτων
985 1580 1064 1641 ῶν
1094 1577 1169 1640 σὺ
1199 1575 1480 1653 δοξάζεις,
1512 1577 1678 1654 ἄναξ.

452 1662 591 1744 ὁρᾷς
620 1667 824 1741 νεκρόν
851 1661 1027 1732 τόνδ’,
1063 1664 1130 1725 οὗ
1162 1660 1502 1736 καταστάζω
1533 1660 1747 1740 δάκρυ3

281 1752 399 1811 ΑΓ.
452 1751 589 1827 ὁρῶ·
634 1748 702 1808 τὸ
730 1746 926 1824 μέντοι
952 1747 1183 1826 μέλλον
1212 1746 1315 1807 οὐκ
1347 1745 1466 1826 ἔχω
1496 1752 1721 1825 μαθεῖν.

283 1837 408 1897 ΕΚ.
454 1834 662 1895 τοῦτόν
690 1832 821 1894 ποτ’
853 1833 1051 1895 ἔτεκον
1081 1831 1338 1912 κᾶφερον
1369 1831 1548 1908 ζώνης
1574 1831 1705 1893 ὕπο.

283 1923 404 1980 ΑΓ.
451 1917 616 1981 ἔστιν
646 1920 710 1979 δὲ
730 1917 816 1981 τίς
849 1924 968 1979 σῶν
998 1919 1183 1986 οὗτος,
1219 1913 1265 1976 ὦ
1296 1919 1538 1995 τλῆμον,
1568 1914 1783 1981 τέκνων
1799 1942 1818 1994 3

283 2007 409 2066 ΕΚ.
458 2002 525 2064 οὐ
555 2007 670 2063 τῶν
701 2004 994 2066 θανόντων
1017 2005 1357 2082 Πριαμιδῶν
1384 2002 1480 2064 ὑπ’
1511 2004 1688 2084 Ἰλίῳ.

282 2092 406 2152 ΑΓ.
452 2087 490 2166 ἦ
517 2085 630 2167 γάρ
660 2084 764 2150 τιν’
800 2089 990 2149 ἄλλον
1020 2087 1210 2153 ἔτεκες
1238 2087 1275 2165 ἢ
1308 2088 1547 2164 κείνους,
1578 2088 1748 2167 γύναι
1769 2113 1789 2166 3

285 2177 419 2235 ΕΚ.
467 2171 719 2250 ἀνόνητά
746 2169 826 2252 γ’,
857 2174 933 2240 ὡς
963 2172 1135 2242 ἔοικε,
1169 2170 1321 2235 τόνδ’
1356 2170 1423 2234 ὃν
1454 2173 1711 2254 εἰσορᾷς.

284 2264 405 2322 ΑΓ.
452 2264 565 2320 ποῦ
595 2259 647 2318 δ’
679 2256 760 2319 ὢν
790 2257 1075 2337 ἐτύγχαν’,
1109 2257 1259 2333 ἡνίκ’
1294 2259 1523 2319 ὤλλυτο
1553 2261 1759 2322 πτόλις
1776 2283 1796 2335 3

286 2348 416 2405 ΕΚ.
464 2343 652 2421 πατήρ
683 2366 774 2404 νιν
805 2341 1155 2421 ἐξέπεμψεν,
1188 2345 1457 2419 ὀρρωδῶν
1488 2343 1701 2404 θανεῖν.

287 2433 405 2491 ΑΓ.
452 2432 558 2488 ποῖ
583 2433 700 2488 τῶν
720 2427 839 2486 τότ’
873 2424 1061 2488 ὄντων
1088 2426 1352 2504 χωρίσας
1382 2422 1597 2488 τέκνων
1625 2424 1805 2504 μόνον
1829 2450 1849 2502 3

285 2518 417 2576 ΕΚ.
466 2513 525 2575 ἐς
553 2509 726 2586 τήνδε
755 2510 972 2591 χώραν,
1009 2509 1186 2588 οὗπερ
1218 2508 1429 2586 ηὑρέθη
1462 2509 1670 2572 θανών.

285 2602 404 2659 ΑΓ.
450 2595 594 2673 πρὸς
625 2594 808 2673 ἄνδρ’,
841 2593 903 2658 ὃς
934 2593 1102 2673 ἄρχει
1130 2597 1311 2671 τῆσδε
1342 2591 1755 2673 Πολυμήστωρ
1786 2595 2040 2675 χθονός3

285 2687 415 2745 ΕΚ.
464 2679 686 2743 ἐνταῦθ’
722 2677 990 2758 ἐπέμφθη
1022 2676 1368 2758 πικροτάτου
1396 2684 1621 2758 χρυσοῦ
1650 2678 1867 2758 φύλαξ.

284 2771 401 2827 ΑΓ.
452 2763 692 2842 θνήσκει
723 2765 787 2827 δὲ
815 2762 959 2843 πρὸς
989 2769 1091 2824 τοῦ
1124 2762 1216 2826 καὶ
1245 2764 1402 2828 τίνος
1432 2765 1656 2842 πότμου
1688 2766 1882 2847 τυχών
1904 2789 1922 2842 3

282 2855 412 2914 ΕΚ.
458 2851 614 2914 τίνος
645 2847 691 2911 δ’
722 2848 820 2913 ὑπ’
851 2852 1039 2912 ἄλλου
1050 2874 1068 2926 3
1116 2846 1292 2934 Θρῄξ
1315 2874 1407 2913 νιν
1436 2848 1627 2912 ὤλεο-ε
1655 2847 1843 2925 ξένος.

283 2940 400 2996 ΑΓ.
448 2933 493 2996 ὦ
523 2938 764 3012 τλῆμον,
800 2935 837 3013 ἥ
865 2958 977 2995 που
1006 2933 1229 3012 χρυσὸν
1258 2931 1482 3012 ἠράσθη
1514 2938 1728 3010 λαβεῖν
1744 2960 1764 3011 3

283 3024 409 3082 ΕΚ.
456 3017 692 3088 τοιαῦτ’,
728 3018 924 3096 ἐπειδὴ
957 3016 1262 3096 ξυμφορὰν
1293 3018 1442 3098 ἔγνω
1474 3022 1746 3096 Φρυγῶν.

281 3109 401 3167 ΑΓ.
446 3104 618 3182 ηὗρες
647 3104 711 3164 δὲ
740 3109 853 3165 ποῦ
884 3127 991 3178 νιν,
1023 3101 1059 3178 ἢ
1089 3106 1177 3167 τίς
1207 3101 1450 3180 ἤνεγκεν
1480 3102 1683 3181 νεκρόν
1704 3126 1724 3179 3

283 3193 410 3253 EK.
456 3188 570 3265 ἥδ’,
600 3190 929 3270 ἐντυχοῦσα
958 3190 1196 3253 ποντίας
1228 3188 1404 3263 ἆκτῆς
1434 3185 1548 3250 ἔπι.

281 3278 400 3337 ΑΓ.
447 3277 653 3335 τοῦτον
681 3269 1012 3350 ματεύουσ’,
1046 3269 1346 3348 ἢπονοῦσ’
1381 3271 1571 3336 ἄλλον
1599 3270 1781 3333 πόνον
1802 3295 1821 3347 3

281 3363 410 3424 ΕΚ.
457 3352 649 3437 λούτρ’
684 3353 855 3441 ᾤχετ’
889 3353 1115 3419 οἵσουσ’
1150 3355 1219 3433 ἐξ
1244 3356 1389 3422 ἁλὸς
1418 3354 1746 3440 Πολυξένῃ.

279 3448 400 3506 ΑΓ.
450 3442 673 3506 κτανών
702 3466 810 3512 νιν,
847 3442 922 3504 ὡς
953 3439 1161 3517 ἔοικεν,
1195 3441 1481 3518 ἐκβάλλει
1512 3436 1695 3517 ξένος.

281 3529 407 3592 ΕΚ.
457 3524 1036 3607 θαλασσόπλαγκτόν
1056 3527 1135 3602 γ’,
1167 3528 1279 3587 ὧδε
1309 3528 1593 3603 διατεμὼν
1621 3527 1791 3606 χρόα.

280 3617 411 3699 ΑΓ.
450 3610 494 3673 ὦ
525 3614 774 3693 σχετλία
807 3610 880 3672 σὺ
911 3615 1024 3671 τῶν
1056 3608 1391 3688 ἆμετρήτων
1420 3609 1633 3675 πόνων.

2152 403 2253 455 545
2329 420 2334 425 ·

2150 1251 2254 1304 ⁷⁵5

2147 1675 2255 1731 760

2150 2095 2252 2153 765

2150 2523 2253 2576 '1⁹70

2152 3370 2252 3421 750
