2492 4092
812 982 1242 1047 ΎΠΟΘΕΣΙΣ
1288 985 1643 1047 ΕΚΑΒΗΣ.

1118 1160 1345 1184 0—0—--

332 1276 507 1340 Μετὰ
553 1275 660 1352 τὴν
702 1277 918 1356 Τροίας
957 1277 1186 1342 ἅλωσιν
1228 1281 1472 1359 ἄραντες
1509 1282 1569 1342 οἱ
1602 1277 1904 1355 Ἕλληνες
1935 1277 2225 1357 καθωρμί-

245 1367 480 1438 σθησαν
509 1361 574 1425 311
600 1364 672 1439 τῆ
704 1361 1019 1437 ἀντιπέραν
1046 1363 1403 1445 Χερρονήσῳ
1434 1368 1539 1442 τῆς
1591 1368 1849 1444 Θράκης,
1888 1363 1965 1440 ἧς
2017 1368 2222 1424 Πολυ-

243 1446 486 1526 μήστωρ
515 1446 717 1526 ἦρχεν·
806 1448 875 1510 οὗ
903 1445 972 1524 δὴ
1015 1448 1110 1509 καὶ
1161 1425 1512 1528 κενοτάφιον
1542 1450 1780 1529 ἔχωσαν
1814 1447 2115 1528 Ἀχιλλεῖ,
2162 1449 2227 1509 ἐν

242 1531 432 1614 Τροία
458 1530 723 1612 ταφέντι.
801 1532 1212 1612 διατρίψαντες
1241 1535 1305 1596 δὲ
1335 1536 1457 1596 ἐκεῖ
1480 1532 1697 1613 ἡμέρας
1727 1530 1798 1609 δή
1827 1556 2007 1603 τινας,
2043 1528 2223 1614 ἐφ’(ζί

245 1617 319 1677 τὰ
346 1616 535 1678 αὐτῶν
566 1618 630 1678 εὖ
660 1614 1061 1694 διαθήσονται,
1084 1617 1209 1679 ἐπεὶ
1240 1615 1686 1699 ἀναχθήσεσθαι
1718 1617 1992 1697 ἔμελλον,
2035 1617 2227 1695 φανὲν

246 1699 315 1762 τὸ
343 1707 447 1763 τοῦ
474 1700 809 1782 Ἀχιλλέως
838 1704 1083 1764 εἴδωλον
1112 1704 1207 1764 ἐπὶ
1235 1707 1341 1764 τοῦ
1369 1701 1562 1811 τάφου
1592 1702 1813 1783 ἐπέσχε
1850 1701 1985 1766 τοὺς
2012 1702 2223 1782 ’-Αχαι

248 1784 348 1851 οὓς
393 1788 495 1863 τῆς
543 1786 867 1867 ἀναγωγῆς,
920 1790 1120 1851 αἰτοΰν
1165 1785 1341 1867 γέρας
1392 1788 1543 1871 αὐτῷ
1597 1790 1839 1865 δοθῆναι
1889 1788 1996 1865 την
2045 1791 2227 1849 παῖδα

248 1869 520 1952 Πριάμου
550 1869 917 1950 Πολυξένην,
947 1871 1055 1948 τὴν
1085 1872 1178 1933 καὶ
1208 1873 1494 1953 πρότερον
1525 1877 2026 1952 κατεγγυηθεῖσαν
2067 1870 2222 1955 αὗτῳ

247 1955 363 2017 ὑπὸ
390 1962 497 2018 τοῦ
524 1954 762 2034 πατρὸς,
797 1954 865 2019 δι’
896 1955 972 2033 ἣν
1003 1956 1096 2018 καὶ
1142 1955 1258 2020 ὑπὸ
1305 1956 1565 2038 Πάριδος
1613 1958 1706 2021 καὶ
1761 1957 2081 2036 Δηιφόβου
2127 1980 2224 2016 το·

252 2039 473 2116 ξευθεὶς
504 2042 752 2112 ὄλωλεν,
789 2043 889 2103 ὅτε
916 2046 1020 2105 τὰς
1045 2043 1258 2122 ἐγγύας
1288 2042 1432 2121 πρὸς
1462 2048 1667 2105 τοῦτον
1702 2047 1969 2121 πληροῦν
2008 2039 2228 2117 ἔμελλε

252 2126 538 2204 Πρίαμος.
619 2122 918 2202 Ἕλληνες
941 2128 1058 2202 μὲν
1087 2126 1208 2198 οὖν,
1243 2127 1324 2188 ὦν
1354 2127 1416 2188 εὖ
1447 2126 1722 2189 ἔπαθον“
1691 2125 1788 2189 υπ’
1814 2126 1991 2187 αὐτοῦ
2008 2149 2224 2205 μεμνη-

249 2209 433 2286 μένοι,
467 2209 560 2272 και
589 2214 865 2288 τιμῶντες
894 2209 1002 2287 τὴν
1032 2211 1242 2289 ἀρετὴν
1269 2215 1371 2273 τοῦ
1404 2213 1626 2290 ἀνδρός,
1662 2211 2042 2291 ἐψηφίσαντο
2066 2206 2226 2288 σφά-

252 2293 349 2370 ξαι
378 2319 485 2370 την
515 2291 862 2372 Πολυξένην
891 2294 986 2357 ἐπὶ
1015 2297 1095 2379 τῷ
1126 2294 1296 2378 τάφῳ
1328 2302 1431 2358 τοῦ
1456 2296 1662 2375 ἥρωος.
1729 2297 2004 2374 ἔπεμψαν
2034 2296 2098 2357 δε
2125 2293 2232 2356 τὸν

253 2376 514 2457 Λαέρτου
540 2376 844 2441 Ὀδυσσέα
872 2381 1018 2460 πρὸς
1048 2382 1154 2459 τὴν
1180 2356 1401 2462 μητέρα
1424 2381 1598 2458 αὐτῆς
1614 2379 1905 2458 Ἑκάβην,
1929 2381 2005 2444 ὣς
2028 2377 2101 2442 ἂν
2123 2377 2230 2455 τήν

250 2488 318 2525 τε
345 2462 636 2542 παρθένον
664 2463 847 2570 λάβῃ,
881 2466 975 2528 καὶ
997 2490 1076 2548 τῳ
1112 2467 1361 2549 ποικίλῳ
1391 2471 1507 2528 τῶν
1536 2467 1734 2545 λόγων
1786 2465 2071 2549 (τοιοῦτος
2116 2466 2229 2543 γὰρ

252 2547 322 2625 ἦν
353 2549 385 2609 ὃ
416 2546 586 2630 ἀνηρ)
612 2527 806 2693 πείσῃ
825 2526 1112 2628 Ἑκάβην,
1165 2576 1245 2629 μη
1292 2555 1590 2632 δυσχερῶς
1642 2557 1817 2632 σχεῖν
1858 2550 1953 2613 ἐπὶ
2004 2550 2076 2634 τῇ
2129 2553 2230 2626 τῆς

254 2632 460 2697 παιδὸς
491 2631 818 2712 ἀφαιρέσει.
869 2637 1060 2699 ἐλθὼν
1089 2636 1191 2699 οὖν
1218 2636 1551 2700 Ὀδυσσεὺς
1574 2634 1683 2712 τήν
1715 2660 1783 2699 τε
1824 2635 2001 2715 κόρην
2030 2659 2227 2697 συναι-

253 2717 501 2796 ρομένην
526 2719 689 2796 εὗρεν
719 2720 871 2801 αὐτῷ
921 2722 1022 2795 τῆς
1062 2723 1343 2798 σπουδῆς,
1392 2721 1487 2783 καὶ
1537 2722 1862 2784 πείθουσαν
1905 2721 2011 2798 τὴν
2059 2717 2231 2798 μητέ-

251 2826 343 2879 ρα,
382 2804 458 2868 ὧς
486 2779 870 2878 τεθνήξεσθαι
918 2806 1150 2883 μᾶλλον
1198 2804 1341 2889 αὐτῇ
1391 2810 1690 2885 προσῆκον
1732 2803 1771 2881 ἤ
1818 2805 1887 2866 τὸ
1940 2804 2047 2880 ζῆν
2091 2805 2228 2883 παρ’

254 2885 443 2962 ἀξίαν
533 2888 869 2967 σφαγείσης
900 2889 962 2951 δὲ
983 2890 1086 2964 τῆς
1115 2891 1403 2968 παρθένου
1443 2887 1676 2969 Ἑκάβη
1730 2888 2083 2968 θεράπαιναν
2130 2891 2227 2949 αὑ-

255 2974 357 3048 τῆς
388 2971 624 3051 ἔπεμψε
651 2974 808 3050 παρὰ
840 2974 937 3037 τὰς
967 2973 1162 3044 ἀκτὰς,
1198 2973 1297 3053 ἐφ’
1330 2970 1375 3057 ᾧ
1397 2976 1552 3053 ὕδωρ
1577 2976 1798 3037 ἐκεῖθεν
1827 2973 2065 3051 κομίσαι
2086 2973 2229 3051 πρὸς

254 3055 504 3138 λουτρὸν
534 3055 897 3135 Πολυξένης.
941 3058 1072 3137 εὗρε
1104 3061 1167 3121 δὲ
1194 3061 1600 3139 Πολύδωρον’
1574 3065 1696 3121 εκεῖ
1722 3059 2003 3137 κείμενον·
2053 3060 2229 3120 ἆλοΰ-

255 3166 372 3203 σαν
398 3143 509 3222 γὰρ
558 3143 634 3207 ὧς
683 3143 833 3222 ἔγνω
880 3140 986 3219 τὴν
1029 3143 1251 3222 Τροίαν
1294 3141 1723 3224 Πολυμήστωρ,
1768 3142 2005 3223 σφάξας
2054 3142 2231 3206 αὐτὸν

258 3226 505 3306 ἔρριψεν
533 3228 664 3292 εἰς
646 3252 752 3303 την
781 3224 1114 3305 θάλασσαν,
1149 3227 1225 3291 ὣς
1242 3226 1327 3290 ἂν
1356 3228 1526 3292 αὐτὸς
1578 3227 1686 3313 ἔχῃ
1733 3228 1836 3290 τὸυ
1877 3227 2120 3310 χρυσὸν,
2164 3225 2232 3291 ὃν

257 3312 400 3390 πρὸς
453 3311 628 3374 αὐτὸν
675 3313 825 3391 μετὰ
869 3316 972 3379 τοῦ
1018 3312 1223 3376 παιδὸς
1284 3313 1645 3393 Πολυδώρου
1702 3337 1904 3396 πρῳην
1962 3313 2232 3393 Πρίαμος

257 3395 494 3477 ἔπεμψε
522 3395 733 3478 λάθρα,
766 3398 964 3476 ἐπειδὴ
996 3398 1147 3468 ἑώρα
1175 3396 1243 3458 τὸ
1264 3398 1458 3461 Ἴλιον
1486 3398 1631 3478 πρὸς
1662 3398 1925 3460 κίνδυνον
1951 3395 2061 3474 ἤδη
2110 3424 2227 3480 χω-

255 3488 416 3558 ροῢν.
460 3481 535 3559 ἦν
556 3484 678 3545 δὲ
649 3509 682 3546 ο
711 3481 931 3564 χρυσὸς
960 3482 1126 3548 ουτος
1156 3484 1343 3549 πολὺς
1388 3484 1541 3563 ἄγαν
1582 3484 1676 3546 καὶ
1730 3482 1924 3548 ικανὸς
1971 3483 2229 3561 ὀρθῶσαι

260 3567 355 3629 καὶ
400 3569 565 3633 αὖθις
611 3567 679 3629 το
724 3568 898 3649 γένος
944 3573 1047 3629 τοῦ
1099 3565 1387 3648 Πριάμου.
1481 3570 1557 3635 ὦς
1607 3594 1711 3632 ουν
1760 3573 1970 3629 τοῦτον
1999 3565 2220 3647 εὖρεν“
2191 3590 2226 3642 η

259 3652 440 3729 δούλη
473 3655 734 3725 κείμενον
763 3653 857 3717 ἐπ’
889 3652 1106 3724 ἀκταῖς,
1130 3653 1453 3733 ἀνελομένη
1474 3655 1568 3717 καὶ
1595 3654 1679 3739 τῷ
1700 3651 1906 3735 πέπλῳ
1931 3650 2223 3729 εἶλίξασα.

2331 3936 2465 4068 A
