2492 4092
1242 369 1306 416 82

286 516 511 574 λευσεν
535 505 759 569 Ἰάσονι
799 503 892 567 καὶ
930 504 1000 587 τῇ
1029 505 1277 582 γυναικί.
1366 506 1688 566 ἐπαινεῖται
1717 505 1838 568 δὲ
1811 529 1845 581 η
1878 508 2129 584 εἰσβολὴ
2166 512 2261 570 διὰ

287 593 356 655 τὸ
384 593 772 669 παθητικῶς
740 614 892 669 αγαν
920 591 1098 668 ἔχειν,
1121 588 1213 648 κάὶ
1241 586 1278 663 ἢ
1311 590 1717 667 ἐπεξεργασία,
1735 590 1870 667 μηδ’
1903 593 1966 654 ἐν
1994 590 2255 662 νάπαισι,

288 677 384 740 καὶ
429 680 502 740 τὰ
551 676 704 753 ἑξῆς.
793 677 938 752 ὅπερ
989 670 1284 751 ἀγνοήσας
1331 674 1660 755 Τιμαχίδας
1705 674 1784 757 τῷ
1831 673 2057 759 ὑστέρῳ
2111 678 2262 757 φησὶ

283 765 498 846 πρώτῳ
532 762 869 843 κεχρῆσθαι,
906 759 983 822 ὣς
1014 757 1106 818 καὶ
1127 757 1416 835 ’.Ομηρος

601 863 809 946 εἵματά
836 864 886 927 τ’
918 863 1280 945 ἀμφιέσασα
1295 865 1516 927 θυώδεα
1545 865 1639 927 καὶ
1667 865 1957 929 λούσασα.

519 1198 1155 1261 ΑΡΙΣΤΟΦΑΝΟΎΣ
1198 1199 1365 1257 ΤΟΤ
1408 1200 2020 1260 ΓΡΑΜΜΑΤΙΚΟΤ.

375 1358 611 1435 Μήδεια
661 1360 755 1420 δια
804 1355 909 1434 τὴν
957 1355 1101 1436 πρὸς
1127 1353 1373 1418 Ἰάσονα
1422 1354 1642 1436 ἔχθραν
1686 1381 1767 1441 τῳ
1816 1357 2039 1419 ἐκεῖνον
2082 1382 2261 1439 γεγα-

284 1443 529 1522 μηκέναι
587 1445 856 1518 Γλαύκην
913 1467 1019 1519 την
1082 1441 1369 1518 Κρέοντος
1436 1441 1724 1520 θυγατέρα
1791 1439 2094 1505 ἀπέκτεινε
2153 1447 2262 1520 μὲν

288 1531 559 1607 Γλαύκην
617 1528 710 1589 καὶ
762 1526 1026 1605 Κρέοντα
1070 1526 1169 1586 καί
1215 1524 1349 1588 τοὺς
1397 1527 1572 1591 ἰδίους
1620 1525 1797 1594 υἱοὺς,
1849 1526 2143 1606 ἐχωρίσθη
2197 1530 2262 1588 δὲ

284 1612 553 1679 Ἰάσονος
625 1616 804 1690 Αἰγεῖ
871 1610 1322 1686 συνοικήσουσα.
1420 1610 1556 1689 παρ’
1617 1607 1894 1693 οὐδετέρῳ
1970 1615 2150 1675 κεῖται
2221 1613 2257 1688 ἡ
2317 1644 2326 1647 ·

266 1696 619 1778 ,μυθοποιια.
1379 1715 1385 1721 ·

368 1783 450 1846 Ἣ
499 1786 607 1858 μεν
648 1777 831 1857 σκηνὴ
878 1784 981 1840 τοῦ
1026 1776 1316 1857 δράματος
1358 1779 1660 1841 ὑπόκειται
1705 1781 1769 1841 ἐν
1813 1781 2096 1864 Κορίνθῳ,
2132 1783 2164 1843 ὁ
2194 1787 2259 1846 δὲ

284 1868 463 1949 χορὸς
522 1863 877 1940 συνέστηκεν
935 1865 997 1924 ἐκ
1055 1870 1343 1942 γυναικῶν
1399 1869 1734 1928 πολιτίδων.
1826 1843 2101 1947 ἐδιδάχθη
2161 1868 2256 1930 ἐπὶ

286 1951 640 2029 Πυθοδώρου
684 1951 967 2030 ἄρχοντος
1008 1951 1149 2009 κατὰ
1193 1947 1300 2024 τὴν
1339 1949 1737 2028 ὀγδοηκοστὴν
1780 1952 2040 2028 ἑβδόμην
2077 1952 2254 2029 ὀλυμ-

287 2038 481 2099 πιάδα.
590 2041 816 2114 πρῶτος
900 2035 1229 2113 Εὐφορίων,
1304 2034 1568 2112 δεύτερος
1645 2039 1977 2114 Σοφοκλῆς,
2064 2036 2256 2117 τρίτος

282 2121 622 2200 Εὐριπίδης.
716 2116 966 2197 Μηδεια,
995 2116 1379 2196 Φιλοκτητης,
1408 2120 1639 2196 Δίκτυς,
1674 2120 1959 2199 Θερισταὶ
1990 2121 2250 2200 σάτυροι.

262 2207 349 2269 «νοῦ
380 2207 647 2282 σώζεται.
