2492 4092
1102 319 1326 373 ἘκΑΒιι
2138 327 2208 377 ειε

395 461 502 525 τὸν
530 459 669 540 ἐμὸν
697 458 868 524 ἅλιον
898 461 994 523 ἐπὶ
1022 459 1302 540 πέλαγος,

393 547 571 611 πόλιν
598 543 646 607 τ’
680 544 1104 617 ἀποσκοποῦσ’,
1138 546 1268 608 ἐπεὶ
1296 547 1576 624 νόστιμον

390 636 529 697 ναῦς
560 631 828 706 ἐκίνησεν
855 631 1007 692 πόδα
1030 630 1130 691 καί
1151 627 1208 707 μ’
1244 631 1361 693 ἀπὸ
1392 634 1499 710 γᾶς
1659 678 1664 683 -
2095 646 2202 696 940

391 730 606 835 ὥρισεν
632 725 905 799 ’,Ιλιάδος
956 727 1206 797 τάλαιν’,
1242 727 1493 790 ἀπεῖπον
1522 728 1714 807 ἄλγει.

1152 827 1290 888 ἐπῳδ.

386 913 494 974 τάν
520 917 647 975 τοῖν
677 911 1029 989 Διοσκόροιν
1054 905 1310 973 Ἑλέναν
1357 907 1546 987 κάσιν,
1590 910 1809 975 Ἰδαῖόν
1852 936 1915 976 τε
1960 914 2190 990 βούταν

474 997 779 1078 αἰνόπαριν
810 992 1029 1079 κατάρα
1963 1068 1978 1073 ,

385 1082 627 1153 διδοῦσζ
664 1083 795 1146 ἐπεί
819 1106 894 1159 με
921 1082 1030 1157 γᾶς
2086 1098 2189 1149 945

387 1169 451 1229 ἐκ
480 1163 749 1277 πατρῴας
780 1166 1092 1228 ἀπώλεσεν

381 1247 659 1409 ἑξῴκὲσέν
686 1250 739 1312 τ’
770 1251 944 1311 οἴκων
972 1245 1279 1329 γάμος,οὗ
1323 1246 1529 1327 γάμος,
1565 1251 1682 1312 ἀλλ
1732 1249 2063 1330 ἀλάστορός
2096 1276 2184 1327 τις

471 1338 527 1398 οἷ
557 1352 642 1399 υς

383 1417 456 1480 ἂν
481 1418 630 1496 μήτε
655 1417 916 1497 πέλαγος
948 1415 1119 1478 ἅλιον
1150 1414 1448 1496 ἀπαγάγοι
1479 1414 1678 1495 πάλιν,
2025 1432 2176 1491 95o,1

381 1501 529 1580 μήτε
558 1504 828 1612 πατρῷον
858 1499 1024 1564 ἵκοιτ’
1058 1501 1117 1564 ἐς
1150 1501 1328 1562 οἶκον.

207 1591 522 1650 ΠΟΛΎΜ.
572 1586 618 1649 ὦ
648 1584 881 1667 φίλτατ’
916 1589 1141 1664 ἀνδρῶν
1169 1585 1418 1665 Πρίαμε,
1455 1585 1712 1665 φιλτάτη
1745 1589 1809 1650 δὲ
1838 1588 1931 1659 σὺ,

370 1670 623 1749 Ἑκάβη,
655 1671 880 1752 δακρύω
911 1669 966 1733 σ’
1000 1670 1249 1750 εῖσορῶν
1277 1671 1453 1733 πόλιν
1482 1696 1548 1734 τε
1561 1671 1709 1749 σὴν,

374 1757 481 1834 τήν
510 1760 564 1821 τ’
595 1759 802 1839 ἀρτίως
835 1760 1130 1821 θανοῦσαν
1159 1754 1402 1834 ἔκγονον
1433 1756 1621 1820 σέθεν.
2078 1775 2180 1825 955

373 1848 510 1921 φεῦ·

360 1928 464 1990 οὐκ
493 1930 655 1992 ἔστιν
684 1928 854 1991 οὐδὲν
882 1924 1095 1990 πιστὸν
1124 1922 1242 1988 οὔτ’
1277 1924 1508 2003 εὐδοξία

370 2012 492 2073 οὔτ’
525 2013 596 2074 αὖ
621 2018 812 2076 καλῶς
841 2010 1188 2089 πράσσοντα
1213 2008 1294 2088 μὴ
1324 2011 1567 2089 πράξειν
1598 2020 1799 2078 κακῶς.

373 2096 626 2175 φύρουσι
656 2098 707 2158 δ’
740 2097 886 2159 αὗτᾶ
914 2094 1036 2159 θεοὶ
1065 2092 1246 2156 πάλιν
1275 2120 1339 2157 τε
1370 2096 1462 2157 καὶ
1492 2098 1716 2176 πρόσω,

371 2180 667 2259 ταραγμὸν
698 2178 1030 2248 ἔντιθέντες,
1061 2177 1137 2241 ὧς
1169 2179 1436 2260 ἀγνωσία
1474 2242 1480 2248 ,

370 2264 648 2342 σέβωμεν
676 2264 904 2340 αὐτοὺς,
946 2265 1105 2325 ἀλλὰ
1135 2267 1316 2323 ταῦτα
1343 2265 1451 2341 μὲν
1479 2265 1541 2324 τί
1565 2268 1657 2327 δεῖ
2066 2281 2172 2336 960

371 2353 618 2428 θρηνεῖν,
652 2345 1031 2429 προκόπτοντ’
1058 2346 1225 2410 οὐδὲν
1254 2351 1314 2412 ἐς
1342 2348 1601 2426 πρόσθεν
1630 2354 1854 2428 κακῶν,
1842 2377 1854 2389 ·

370 2438 449 2498 σύ
477 2438 528 2497 δ’
560 2437 697 2498 εἴτι
724 2435 948 2514 μέμφει
978 2433 1081 2508 τῆς
1113 2432 1312 2509 ἔμῆς’
1284 2435 1588 2504 ἀπουσίας,

369 2518 534 2600 σχές·
579 2519 849 2602 τυγχάνω
877 2521 989 2597 γὰρ
1020 2518 1084 2579 ἐν
1108 2515 1317 2595 μέσοις
1348 2517 1649 2602 Θρήκης”
1615 2545 1772 2599 οροις

370 2605 622 2682 ἀπὼν,”
587 2603 673 2666 στ’·
702 2604 882 2682 ἦλθες
914 2599 1089 2681 δεῦρ’·
1135 2602 1261 2665 ἐπεὶ
1293 2601 1340 2665 δ’
1376 2606 1691 2683 ἀφικόμην,

365 2687 475 2766 ἤδη
505 2688 634 2751 πόδ’
667 2689 777 2766 ἔξω
808 2684 1087 2764 δωμάτων
1115 2688 1343 2765 αἵροντί
1363 2714 1464 2765 μοι
2062 2703 2170 2760 965

366 2773 426 2837 ἐς
456 2771 665 2838 ταύτὸν
691 2773 795 2850 ἥδε
825 2772 1135 2847 συμπίτνει
1167 2773 1342 2847 δμωὶς
1374 2773 1563 2841 σέθεν,

364 2857 626 2937 λέγουσα
651 2858 867 2934 μύθους
898 2858 977 2916 ὧν
1010 2854 1199 2915 κλύων
1229 2856 1543 2934 ἀφικόμην.

198 2946 321 3003 ΕΚ.
358 2942 718 3022 αἰσχύνομαί
743 2967 815 3004 σε
844 2936 1256 3018 προσβλέπειν
1286 2940 1564 3012 ἐναντίον,

367 3029 785 3135 Πολυμῇπορ,
822 3029 884 3089 ἐν
913 3026 1172 3086 τοιοῖσδε
1201 3024 1435 3101 κειμένη
1468 3032 1683 3089 κακοῖς.

367 3113 482 3194 ὅτω
513 3113 625 3192 γάρ
655 3111 861 3191 ὤφθην
891 3105 1218 3186 εὖτυχοῦσ’,
1250 3111 1420 3174 αἰδώς
1452 3107 1509 3187 μ’
1544 3114 1687 3190 ἔχει,
1884 3142 1891 3153 ·
2056 3128 2162 3180 970

362 3196 426 3257 ἐν
455 3199 605 3278 τῷδε
633 3196 835 3280 πότμῳ
866 3158 1242 3273 τυγχάνουσ’,
1278 3191 1349 3254 ἵν’
1385 3196 1498 3272 εἰμὶ
1527 3200 1649 3270 νῦν,

362 3282 498 3390 κούκ
528 3278 601 3391 ἂν
629 3282 907 3389 δυναίμην
935 3275 1344 3356 προσβλέπειν
1374 3277 1428 3341 ‹r’
1463 3281 1660 3358 ὀρθαῖς
1690 3281 1902 3358 κόραις.

363 3453 778 3530 Πολυμῆστορ·
811 3449 1010 3511 ἄλλως
1039 3444 1085 3507 δ’
1121 3426 1308 3510 αἴτιόν
1335 3475 1392 3512 τι
1423 3451 1516 3513 καὶ
1546 3451 1738 3530 νόμος,
2097 3496 2102 3499 2

360 3539 635 3613 γυναῖκας
664 3535 887 3614 ἀνδρῶν
915 3533 993 3613 μὴ
1022 3531 1274 3608 βλέπειν
1303 3535 1579 3599 ἐναντίον.
2054 3552 2166 3605 975
2268 3538 2277 3547 ’

196 3619 509 3687 JOATM.
558 3620 652 3682 καὶ
684 3617 873 3699 θαῦμά
903 3617 956 3699 γ’
993 3615 1175 3678 οὐδέν.
1227 3619 1385 3680 ἀλλὰ
1413 3621 1500 3685 τίς
1529 3621 1698 3699 χρεία
1729 3621 1782 3678 σ’
1819 3622 1993 3697 ἐμοῦ;

360 3702 422 3764 τί
444 3701 616 3784 χρῆμ’
644 3703 890 3784 ἐπέμψω
921 3702 1024 3765 τὸν
1054 3700 1288 3789 {jabu-31<
1320 3705 1511 3781 δόμων
1540 3706 1690 3766 πόδα
1711 3730 1726 3781 ;

366 3788 391 3809 ⁴
1875 3805 1907 3840 ο
