2492 4092
1103 314 1358 361 MHAmA.

410 466 443 525 ὁ
469 464 530 530 δ’
556 467 618 532 ἐς
647 472 932 529 τοσοῦτον
959 466 1179 546 μωρίας
1210 467 1456 545 ἄφίκετο

411 550 576 621 ὥστ’,
613 550 747 627 ἐξὸν
775 552 927 634 αὐτῷ
961 551 1095 628 τᾶμ’
1130 555 1289 614 ἑλεῖν
1315 552 1695 630 βουλεύματα

410 637 518 712 γῆς
547 637 886 713 ἐκβαλόντι,
917 633 1070 712 τήνδ’
1104 636 1330 714 ἆφῆκεν
1357 635 1574 716 ἡμέραν

412 723 612 796 μεῖναί
634 724 713 799 μ’,
750 721 814 781 ἐν
842 716 878 795 ἧ
910 725 1062 799 τρεῖς
1092 727 1205 781 τῶν
1236 721 1389 798 ἐμῶν
1420 722 1645 803 ἐχθρῶν
1674 722 1910 802 νεκροὺς
1963 744 1966 746 ’

411 800 597 879 θήσω,
631 804 852 885 πατέρα
881 829 946 866 τε
977 806 1070 865 καὶ
1101 807 1277 883 κόρην
1306 808 1485 868 πόσιν
1513 807 1564 864 τ’
1598 808 1755 883 ἐμόν.

412 892 643 953 πολλὰς
673 891 725 951 δ’
757 891 979 969 ἔχουσα
998 891 1359 967 θανασίμους
1389 892 1584 954 αὐτοῖς
1609 893 1792 962 ὁδοὺς,

411 971 514 1034 οὔκ
544 971 654 1035 οἶδ’
687 975 861 1055 ὁποίᾳ
884 980 1114 1053 πρῶτον
1144 974 1411 1054 ἐγχειρῶ,
1445 974 1637 1053 φίλαι,

410 1058 659 1137 πότερον
686 1056 912 1137 ὑφάψω
946 1063 1107 1135 δῶμα
1137 1057 1427 1136 νυμφικὸν
1456 1059 1608 1137 πυρὶ,

405 1139 443 1217 ἢ
475 1143 686 1218 θηκτὸν
716 1142 850 1203 ὥσω
881 1141 1193 1221 φάσγανον
1223 1142 1298 1204 δι’
1328 1144 1568 1219 ἥπατος,

406 1227 549 1310 σιγῇ
578 1228 789 1302 δόμους
820 1226 1039 1302 ἐσβᾶσ)
1071 1227 1147 1286 ἵν’
1179 1228 1462 1305 ἔστρωται
1491 1225 1687 1306 λέχος.

409 1309 551 1371 ἀλλ’
583 1309 647 1371 ἕν
675 1310 736 1370 τί
758 1334 859 1389 μοι
888 1315 1231 1387 πρόσαντες·
1281 1314 1333 1371 εἰ
1361 1309 1748 1389 ληφθήσομαι

408 1392 618 1472 δόμους
645 1393 1086 1472 ὑπερβαίνουσα
1117 1393 1209 1453 καὶ
1233 1392 1583 1473 τεχνωμένη,

408 1481 667 1541 θανοῦσα
695 1477 859 1554 θήσω
892 1482 1013 1542 τοῖς
1042 1478 1198 1556 ἐμοῖς
1232 1477 1464 1557 ἐχθροῖς
1492 1476 1706 1555 γέλων.

404 1560 689 1640 κράτιστα
716 1561 823 1638 τὴν
853 1562 1099 1634 εὐθεῖαν,
1132 1558 1167 1646 ᾗ
1198 1560 1539 1642 πεφύκαμεν

404 1645 593 1792 σὲοφαὶ
621 1644 902 1725 μάλιστα,
933 1644 1262 1726 φαρμάκοις
1285 1645 1491 1710 αὐτοὺς
1523 1649 1696 1710 ἑλεῖν.

404 1759 433 1795 ε
460 1750 542 1794 εν·

407 1816 500 1877 καὶ
531 1817 599 1894 δὴ
629 1818 885 1880 τεθνᾶσι.
934 1817 1022 1880 τίς
1049 1842 1123 1893 με
1154 1814 1382 1893 δέξεται
1412 1816 1586 1882 πόλις
1608 1844 1625 1894 ;

406 1901 493 1966 τίς
520 1904 631 1979 γῆν
661 1901 885 1965 ἄσυλον
915 1902 1010 1962 καὶ
1040 1902 1250 1978 δόμους
1280 1903 1594 1982 ἐχεγγύους

407 1981 572 2058 ξένος
601 1986 926 2064 παρασχὼν
954 1985 1192 2063 ῥύσεται
1221 1984 1437 2063 τούμὸν
1477 1985 1649 2062 δέμας
1675 2011 1691 2062 ;

406 2070 513 2130 οὐκ
543 2066 690 2132 ἔστι.
737 2067 963 2144 μείνασ’
999 2069 1102 2129 οὖν
1131 2072 1215 2131 ἔτι
1245 2068 1490 2146 σμικρὸν
1518 2071 1755 2147 χρόνον,

401 2149 477 2226 ἢν
502 2150 610 2229 μέν
637 2176 725 2215 τις
751 2153 889 2233 ἡμῖν
918 2152 1136 2232 πύργος
1164 2151 1442 2230 ἀσφαλὴς
1473 2153 1652 2234 φανῇ,

402 2238 562 2297 δόλω
590 2234 815 2313 μέτειμι
845 2238 1014 2299 τόνδε
1044 2235 1136 2296 καὶ
1167 2237 1307 2315 σιγῆ
1340 2239 1545 2315 φόνον,

408 2318 481 2395 ἢν
509 2297 559 2381 δ’
593 2318 876 2404 ἐξελαύνῃ
908 2314 1178 2399 ξυμφορά
1205 2297 1616 2400 μἰἆμήχανος,

405 2403 552 2481 αὗτῆ
583 2402 756 2483 ξίφος
785 2410 1082 2482 λαβοῦσα,
1119 2408 1207 2467 κεί
1234 2403 1437 2482 μέλλω
1474 2409 1684 2476 θανεῖν,

408 2495 585 2554 κτενῶ
618 2497 759 2569 σφε,
794 2493 1014 2567 τόλμης
1044 2489 1094 2551 δ’·
1126 2489 1242 2571 ε’ἶμι
1273 2489 1417 2569 πρὸς
1452 2491 1518 2552 τὸ
1551 2492 1841 2575 καρτερόν.

407 2575 475 2636 οὗ
505 2577 616 2656 γὰρ
645 2578 727 2653 μὰ
754 2573 860 2651 τὴν
890 2573 1220 2646 δέσποιναν,
1255 2574 1329 2652 ἣν
1359 2576 1472 2652 ἐγὼ
1495 2572 1668 2651 -σέβω

405 2657 670 2733 μάλιστα
698 2656 933 2721 πάντων
965 2659 1058 2720 καὶ
1088 2658 1365 2739 ξυνεργὸν
1390 2661 1649 2736 εἱλόμην,

406 2739 686 2817 Ἑκάτην,
709 2748 918 2820 μυχοῖς
948 2742 1229 2803 ναίουσαν
1261 2743 1456 2805 ἑστίας
1488 2744 1643 2818 ἐμῆς,

405 2828 629 2905 χαίρων
657 2850 745 2889 τις
774 2826 963 2887 αὐτῶν
990 2825 1204 2903 τούμὸν
1234 2827 1481 2904 ἆλγυνεῖ
1506 2826 1657 2902 κέαρ.
1653 2880 1682 2925 ᾳ

407 2909 645 2989 πικροὺς
669 2907 715 2970 δ’
751 2910 864 2988 ἐγώ
898 2916 1047 2988 σφιν
1078 2908 1171 2969 καὶ
1199 2907 1453 2988 λυγροὺς
1483 2908 1644 2984 θήσω
1675 2905 1914 2987 γάμους,

409 2992 619 3073 πικρὸν
648 2998 709 3057 δὲ
742 2998 913 3070 κῆδος
945 2993 1036 3056 καὶ
1068 2996 1263 3073 φυγὰς
1295 2995 1433 3073 ἐμᾶς
1462 2993 1694 3072 χθονός.

406 3077 544 3142 ἀλλ’
580 3080 694 3142 εἷα·
741 3083 947 3158 φείδου
976 3081 1154 3155 μηδὲν
1184 3081 1265 3140 ὧν
1293 3079 1628 3147 ἐπίστασαι,

410 3161 661 3240 Μήδεια,
694 3165 1071 3241 βουλεύουσα
1100 3164 1194 3225 καὶ
1225 3161 1576 3246 τεχνωμένη·

406 3247 533 3327 ἕρπ’
568 3250 626 3313 ἐς
651 3249 718 3310 τὸ
741 3249 951 3311 δεινόν·
997 3253 1100 3310 νῦν
1130 3249 1290 3327 ἀγὼν
1321 3250 1625 3328 εὐψυχίας.

408 3333 553 3414 ὁρᾷς
584 3332 623 3394 ἃ
651 3332 905 3414 πάσχεις
926 3360 944 3410 3
991 3333 1058 3394 οὗ
1087 3331 1320 3412 γέλωτα
1351 3337 1442 3394 δεῖ
1467 3337 1525 3393 σ’
1563 3335 1780 3413 ὀφλεῖν

407 3424 530 3480 τοῖς
554 3421 896 3498 Σισυφείοις
926 3422 1048 3481 τόῖς
1078 3413 1127 3478 τ’
1158 3415 1425 3482 Ἰάσονος
1454 3417 1679 3497 γάμοις,

408 3505 681 3580 γεγῶσαν
712 3503 929 3565 ἐσθλοῦ
959 3501 1175 3582 πατρὸς
1193 3501 1410 3566 Ἡλίου
1440 3501 1487 3564 τ’
1522 3503 1661 3564 ἄπο.

405 3586 722 3649 ἐπίστασαι
749 3585 830 3648 δέ·
875 3585 1019 3666 πρὸς
1051 3590 1113 3650 δὲ
1143 3588 1234 3650 καὶ
1264 3588 1605 3668 πεφύκαμεν

315 3696 320 3701 ·
410 3675 701 3742 γυναῖκες,
734 3671 792 3736 ἐς
819 3672 926 3750 μὲν
958 3670 1125 3735 ἔσθλ’
1157 3675 1629 3752 ἀμηχανώταται,

2159 321 2219 367 93

2111 822 2211 877 375

2061 1290 2065 1295 .
2111 1248 2211 1293 380

2105 1667 2206 1714 385

2105 2257 2204 2309 390

2106 2675 2202 2725 395

2099 3093 2202 3140 400

2097 3516 2200 3562 405
