2492 4092
1117 347 1205 390 ΜΗ
1210 348 1369 390 ΔΕῙΑ.

260 481 396 542 HA.
429 477 612 542 οὐδέν·
658 477 952 558 μετέγνων
981 479 1074 540 καὶ
1102 482 1175 540 τὰ
1203 477 1417 556 πρόσθ’
1448 476 1736 557 εἰρημένα.

256 568 376 625 ΤΡ.
419 563 520 640 μὴ,
549 560 695 643 πρὸς
721 564 971 643 γενείου,
1002 562 1217 641 κρύπτε
1244 562 1567 626 σύνδουλον
1597 561 1786 628 σέθεν·

428 648 604 727 σιγὴν
629 650 762 726 γὰρ,
794 651 847 709 εἰ
875 646 1007 726 χρὴ,
1041 647 1223 708 τῶνδε
1252 644 1505 724 θήσομαι
1533 645 1682 724 πέρι.

257 734 392 793 HA.
423 732 652 808 ἤκουσά
678 744 782 793 ’του
811 729 1106 810 λέγοντος,
1141 731 1209 792 οὗ
1238 731 1423 793 δοκῶν
1451 731 1666 802 κλύειν,

424 813 688 881 πεσσοὺς
716 812 1081 896 προσελθὼν,
1113 815 1255 877 ἔνθα
1280 812 1351 891 δὴ
1380 816 1727 880 παλαίτατοι

427 898 740 975 θάσσουσι,
773 896 991 978 σεμνὸν
1019 899 1171 980 ἀμφὶ
1201 897 1493 978 Πειρήνης
1520 903 1692 979 ὕδωρ,

414 985 491 1049 ὣς
520 984 731 1047 τούσδε
758 990 967 1049 παῖδας
994 987 1102 1063 γῆς
1133 987 1274 1046 ἔλᾶν
1305 985 1617 1064 Κορινθίας

423 1069 532 1145 ξὺν
557 1069 730 1150 μητρὶ
757 1069 970 1148 μέλλοι
998 1068 1180 1146 τῆσδε
1209 1071 1472 1146 κοίρανος
1497 1067 1712 1149 χθονὸς

411 1152 634 1232 Κρέων.
727 1156 760 1214 ὁ
787 1152 985 1231 μέντοι
1012 1158 1194 1231 μῦθος
1223 1158 1278 1217 εἶ
1306 1152 1505 1235 σαφὴς
1533 1155 1635 1217 ὅδε

423 1240 526 1301 οὐκ
557 1237 705 1299 οἶδα·
749 1238 1079 1315 βουλοίμην
1107 1240 1160 1299 δ’
1193 1236 1268 1299 ἂν
1296 1240 1399 1299 οὐκ
1430 1237 1576 1301 εἶναι
1604 1235 1762 1301 τάδε.

250 1326 368 1385 ΤΡ.
416 1321 509 1382 καὶ
539 1326 695 1383 ταῦτ’
727 1321 940 1383 Ἰάσων
966 1326 1178 1384 παῖδας
1206 1320 1539 1396 ἐξανέξεται

422 1405 780 1486 πάσχοντας,
816 1408 868 1467 εἰ
898 1406 991 1467 καὶ
1019 1405 1189 1484 μητρὶ
1220 1407 1508 1484 διαφορὰν
1537 1404 1663 1485 ἔχει
1677 1431 1703 1481 ·;

252 1494 386 1550 HA.
422 1492 646 1552 παλαιὰ
674 1492 885 1551 καινῶν
914 1493 1177 1552 λείπεται
1207 1490 1594 1568 κηδευμάτων,

423 1574 559 1635 κούκ
589 1574 715 1635 ἔστ’
748 1575 964 1650 {adpos-
992 1578 1194 1637 τοῖσδε
1222 1574 1488 1652 δώμασιν
1516 1578 1712 1652 φίλος.
1759 1560 1812 1639 ,2‘

248 1662 367 1720 TP:
416 1656 793 1736 ἀπωλόμεσθ’
824 1658 936 1738 ἄρ’,
969 1662 1022 1721 εἶ
1051 1661 1225 1720 κακὸν
1255 1660 1653 1738 προσοίσομεν

409 1742 542 1807 νέον
569 1740 823 1826 παλαιῷ,
857 1742 992 1822 πρὶν
1018 1744 1140 1805 τόδ’
1172 1742 1601 1821 έξηντληκέναι.

252 1831 383 1888 HA.
419 1828 561 1908 ἆτᾶρ
593 1831 671 1891 σύ
693 1831 774 1908 γ’,
809 1828 876 1890 οὗ
904 1830 1015 1908 γὰρ
1047 1829 1242 1908 καιρὸς
1273 1827 1485 1892 εἰδέναι
1513 1827 1652 1893 τάδε

419 1911 751 1989 δέσποιναν,
780 1912 1040 1994 ἡσύχαζε
1069 1915 1160 1977 καὶ
1191 1914 1335 1993 σίγα
1362 1913 1561 1993 λόγον.

247 2001 366 2060 ΤΡ.
400 1995 445 2058 ὦ
476 1996 645 2074 τέκν’,
678 1999 906 2059 ἀκούεθ’
938 2000 1059 2064 οἶος
1089 2003 1172 2062 εἰς
1199 2000 1348 2075 ὑμᾶς
1375 1996 1604 2078 πατήρ;
1706 2038 1712 2043 ·

421 2082 618 2143 ὄλοιτο
647 2083 756 2159 μὲν
782 2079 886 2159 μή·
931 2084 1219 2158 δεσπότης
1249 2080 1359 2160 γάρ
1389 2083 1515 2142 ἐστ’
1546 2082 1703 2159 ἐμός·

420 2166 566 2245 ἆτᾶρ
596 2167 768 2229 κακός
797 2167 857 2245 γ’
891 2165 971 2227 ὢν
1002 2167 1062 2230 ἐς
1090 2167 1305 2242 φίλους
1335 2168 1662 2228 ἁλίσκεται.

250 2255 385 2311 HA.
416 2251 502 2314 τίς
533 2250 583 2312 δ’
613 2250 746 2329 οὐχὶ
777 2250 1000 2325 θνητῶν
1023 2273 1040 2325 ;
1085 2249 1212 2328 ἄρτι
1240 2249 1586 2328 γιγνώσκεις
1615 2251 1764 2319 τόδε,

422 2332 498 2398 ὦς
527 2338 639 2399 πᾶς
669 2358 756 2399 τις
786 2331 964 2397 αὑτὸν
991 2339 1094 2395 τοῦ
1120 2331 1306 2397 πέλας
1334 2336 1566 2410 μᾶλλον
1596 2338 1783 2413 φιλεῖ,

408 2420 464 2481 οἶ
491 2420 599 2497 μὲν
627 2420 876 2490 δικαίως,
912 2422 969 2482 οἶ
998 2420 1063 2481 δὲ
1093 2417 1185 2480 καὶ
1216 2415 1449 2496 κέρδους
1475 2419 1692 2497 χάριν;

420 2506 474 2567 εἰ
501 2505 712 2567 τούσδε
740 2509 796 2584 γ’
826 2503 993 2580 εὐνῆς
1023 2505 1210 2567 οὕνεκ’
1241 2504 1311 2565 οὐ
1340 2503 1570 2587 στέργει
1599 2500 1804 2584 πατήρ.

248 2593 365 2649 ΤΡ.
420 2589 517 2658 ἴτ’,
553 2590 616 2651 εὖ
645 2593 760 2668 γὰρ
790 2588 976 2660 ἔσται,
1011 2587 1289 2661 δωμάτων
1318 2587 1457 2658 ἔσω,
1491 2590 1681 2652 τέκνα.

419 2674 494 2734 σὺ
524 2675 576 2733 δ’
609 2673 686 2738 ὦς
714 2673 975 2750 μάλιστα
1001 2675 1201 2735 τούσδ’
1233 2674 1538 2750 ἐρημώσας
1564 2672 1685 2751 ἔχε,

419 2756 513 2816 καὶ
541 2755 621 2832 μὴ
650 2756 867 2831 πέλαζε
892 2758 1065 2833 μητρὶ
1094 2754 1549 2840 δυσθυμουμένῃ.

417 2837 526 2915 ἤδη
557 2844 673 2919 γὰρ
702 2839 858 2901 εἶδον
886 2842 1044 2915 ὄμμα
1071 2862 1162 2900 νιν
1189 2836 1580 2917 ταυρουῖιένην

418 2925 625 2994 τοῖσδ’,
661 2923 738 2987 ὥς
767 2948 824 2985 τι
853 2924 1259 2999 δρασείουσαν·
1305 2923 1438 2983 οὐδὲ
1466 2921 1751 2984 παύσεται

414 3008 622 3089 χόλου,
658 3005 806 3086 σάφ’
839 3010 985 3079 οἴδα,
1020 3007 1155 3086 πρὶν
1186 3006 1568 3086 κατασκῆψαί
1591 3029 1738 3068 τινα.

270 3135 277 3138 ’
417 3094 661 3175 ἐχθρούς
689 3117 761 3172 γε
787 3091 1004 3170 μέντοι,
1033 3091 1113 3171 μὴ
1144 3093 1376 3172 φίλους,
1411 3088 1647 3170 δράσειέ
1676 3114 1751 3153 τι.

253 3183 397 3243 ΜΗ.
418 3181 505 3249 leb,
1220 3240 1230 3250 ,

416 3265 698 3327 δύστανος
728 3263 844 3342 ἐγὼ
872 3263 1057 3341 μελέα
1085 3289 1150 3326 τε
1178 3262 1391 3332 πόνων,

420 3348 487 3408 ιω
516 3349 623 3423 μοί
644 3371 763 3424 μοι,
794 3352 916 3411 πῶς
946 3346 1019 3409 ἂν
1048 3347 1318 3425 ὀλοίμαν.

246 3437 363 3493 ΤΡ.
416 3435 538 3493 τοδ”
572 3435 776 3509 ἐκεῖνο,
808 3435 975 3510 φίλοι
1004 3436 1228 3496 παῖδες·
1272 3428 1460 3509 μήτηρ

418 3521 569 3579 κινεῖ
595 3519 850 3595 κραδίαν,
883 3521 1029 3579 κινεῖ
1057 3516 1120 3578 δὲ
1148 3515 1355 3597 χόλον.

417 3600 715 3662 σπεύσατε
745 3605 972 3663 θᾶσσον
999 3602 1263 3679 δώματος
1292 3603 1453 3671 εἵσω,

418 3687 510 3750 καὶ
537 3683 616 3773 μὴ
648 3682 934 3761 πελάσῃ-τ’
966 3688 1221 3764 ὄμματος
1252 3687 1443 3764 ἐγγὺς,

2167 343 2233 395 85

2159 574 2228 626 65

2149 1419 2215 1471 75

2149 1843 2218 1889 80

2145 2264 2214 2311 85

2144 2687 2216 2741 90

2143 3107 2213 3161 95

2111 3613 2213 3663 100
