2492 4092
1118 295 1334 338 EKABH.
2152 291 2213 342 17

411 427 515 488 οὐκ
545 423 617 488 ἂν
640 429 935 505 δυναίμην·
983 426 1060 494 ὦς
1083 424 1128 490 δ’
1163 427 1306 508 ἔχω·
1352 427 1413 490 τί
1435 428 1547 507 γὰρ
1586 427 1791 506 πάθω;

412 510 634 590 κόσμον
661 511 718 572 τ’
747 512 1014 592 ἆγείραο)
1046 513 1497 592 αἰχμαλωτίδων
1524 509 1699 593 πάρα,
2117 523 2217 576 615

413 597 480 657 αἴ
501 619 603 676 μοι
631 593 906 676 πάρεδροι
934 594 1099 657 τῶνδ’
1134 596 1253 658 ἔσω
1285 596 1682 677 σκηνωμάτων

411 682 695 759 ναίουσιν,
729 683 786 744 εἴ
809 705 898 746 τις
926 680 1061 745 τους
1090 683 1302 744 νεωστὶ
1333 685 1622 749 δεσπότας

410 763 653 827 λαθοῦσ’
689 764 815 846 ἔχει
843 790 899 827 τι
929 762 1158 843 κλέμμα
1180 769 1296 828 τῶν
1319 767 1492 843 αὐτῆς
1522 770 1736 845 δόμων.

413 877 458 911 ω
491 849 747 932 σχήματ’
779 852 971 922 οἴκων,
1005 877 1050 911 ω
1081 849 1212 911 ποτ’
1244 850 1506 931 εὐτυχεῖς
1535 853 1720 931 δόμοι,

413 961 459 996 ω
490 934 724 1000 πλεῖστ’
757 935 913 1016 ἔχων
943 933 1237 998 κάλλιστά
1266 935 1338 1007 τ’,
1373 936 1758 1000 εὖτεκνώτατε
2121 944 2228 996 620

412 1021 662 1100 Πρίαμε,
685 1019 893 1100 γεραιά
923 1021 977 1081 θ’
1007 1020 1094 1098 ἥδ’
1127 1021 1242 1099 ἐγὼ
1272 1018 1460 1102 μήτηρ
1490 1020 1723 1100 τέκνων,

412 1103 489 1169 ὦς
520 1105 579 1168 ἐς
609 1105 676 1167 τὸ
696 1108 876 1183 μηδὲν
895 1104 1128 1184 ἥκομεν,
1164 1105 1537 1184 φρονήματος

411 1195 515 1251 τοῦ
545 1190 681 1268 πρὶν
710 1189 1030 1268 στερέντες.
1077 1190 1203 1251 εἶτα
1231 1192 1354 1265 δῆτ’
1387 1190 1714 1270 ὀγκούμεθα

415 1278 448 1335 ὃ
470 1275 578 1351 μέν
605 1298 692 1337 τις
712 1272 875 1351 ἡμῶν
903 1276 1211 1336 πλουσίοις
1243 1275 1306 1335 ἐν
1336 1277 1616 1351 δώμασιν,

413 1360 446 1418 ὁ
469 1355 516 1418 δ’
551 1359 616 1419 ἐν
644 1357 912 1421 πολίταις
933 1357 1120 1435 τίμιος
1151 1358 1521 1433 κεκλημένος.
2120 1367 2222 1418 625

415 1443 488 1504 τὰ
518 1442 567 1503 δ’
602 1440 790 1503 οὐδέν·
835 1440 1034 1506 ἄλλως
1063 1441 1391 1522 φροντίδων
1417 1440 1817 1519 βουλεύματα,

413 1529 697 1607 γλώσσης
727 1551 791 1588 τε
822 1526 1052 1603 κόμποι.
1104 1531 1293 1592 κεῖνος
1322 1525 1707 1604 ὀλβιώτατος,

413 1613 526 1699 ὅτῳ
559 1612 683 1677 κατ’
714 1610 867 1692 ἦμαρ
896 1610 1172 1693 τυγχάνει
1200 1613 1382 1690 μηδὲν
1411 1610 1612 1674 κακόν.

348 1748 355 1757 -
1181 1738 1245 1771 στ
1273 1758 1285 1773 .

244 1793 378 1853 XO.
414 1786 542 1865 ἐμοὶ
570 1790 721 1868 χρῆν
751 1788 1082 1867 συμφορὰν,
1243 1740 1273 1785 P

416 1872 543 1948 ἐμοὶ
570 1876 721 1952 χρῆν
749 1876 1016 1949 πημονὰν
1042 1871 1338 1952 γενέσθαι,
1912 1873 1921 1882 ’
2125 1877 2230 1929 630

412 1956 640 2019 Ἰδαίαν
669 1957 768 2019 ὅτε
796 1963 1027 2036 πρῶτον
1054 1958 1202 2020 ὕλαν

416 2039 809 2118 Ἀλέξανδρος
840 2042 1139 2104 εἷλατίναν

420 2123 671 2200 ἐτάμεθ’,
707 2123 878 2184 ἅλιον
906 2121 995 2184 ἐπ’
1028 2123 1201 2199 οἶδμα
1230 2121 1656 2198 ναυστολήσων

419 2205 668 2270 Ἑλένας
698 2207 792 2268 ἐπὶ
821 2205 1054 2286 λέκτρα,
1085 2209 1192 2270 τᾶν
1221 2207 1547 2268 καλλίσταν
1578 2207 1610 2267 ὁ
1637 2204 1986 2284 χρυσοφαῆς
2074 2216 2232 2277 635,6

414 2290 628 2357 ’Ἀλιος
658 2290 916 2374 αὖγάζει.

429 2490 593 2528 πονοι
623 2466 732 2546 γὰρ
765 2465 859 2528 καὶ
888 2464 1087 2528 πόνων

423 2551 670 2629 ἀνάγκαι
702 2552 1040 2630 κρείσσονες
1074 2553 1435 2614 κυκλοῦνται.

426 2637 619 2697 κοινὸν
648 2639 697 2696 δ’
732 2635 800 2712 ἐξ
829 2637 975 2702 ἰδίας
1005 2635 1206 2699 ἀνοίας
2133 2645 2241 2695 640

423 2719 600 2782 κακὸν
629 2720 701 2800 τᾷ
735 2720 1065 2797 Σιμουντίδι
1094 2721 1174 2799 γᾷ

429 2804 697 2882 ὀλέθριον
728 2804 929 2881 ἔμολε,
963 2800 1241 2883 συμφορά
1271 2800 1317 2863 τ’
1356 2801 1450 2865 ἀπ’
1484 2805 1704 2866 ἄλλων.

427 2889 621 2969 ἐκρίθη
681 2889 732 2949 δ’
764 2889 932 2969 ,ἔρις,
993 2887 1067 2948 ἂν
1125 2888 1188 2949 ἐν
1231 2885 1365 2965 Ἴδᾳ
1425 2890 1605 2966 κρίνει
1661 2886 1910 2965 τρισσὰς
1957 2910 2065 2964 μα·

514 2971 705 3049 κάρων
2137 2981 2239 3032 645

424 3061 634 3122 παῖδας
666 3058 809 3138 ἀνὴρ
840 3059 1079 3131 βούτας,

430 3233 522 3294 ἐπὶ
554 3231 679 3310 δορὶ
710 3230 803 3292 καὶ
835 3230 996 3313 φόνω
1032 3229 1126 3292 καὶ
1156 3168 1310 3307 {Iac-312
1337 3226 1652 3308 μελάθρων
1695 3230 1892 3314 λώβα·

425 3316 621 3380 στένει
649 3317 713 3377 δὲ
743 3317 842 3377 καί
866 3339 952 3380 τις
982 3315 1135 3395 ἀμφὶ
1163 3314 1267 3375 τὸν
1296 3315 1499 3393 εὔροον
1527 3313 1805 3393 Εὐρώταν
2138 3324 2246 3376 65ῠ

426 3402 694 3464 Λάκαινα
723 3398 1154 3479 πολυδάκρυτος
1185 3402 1250 3461 ἐν
1282 3401 1484 3477 δόμοις
1512 3400 1670 3476 κόρα,

428 3486 642 3548 πολιόν
670 3484 722 3545 τ’
756 3485 851 3548 ἐπὶ
883 3487 1064 3564 κρᾶτα
1090 3484 1280 3562 μάτηρ

427 3567 645 3632 τέκνων
674 3569 968 3634 θανόντων
995 3571 1215 3632 τίθεται
1235 3567 1403 3649 χέρα,

429 3653 743 3732 δρύπτεταί
766 3678 830 3717 τε
859 3658 1122 3726 παρειὰν,
2136 3656 2238 3706 655
