2492 4092
1136 328 1353 372 EKABH.
2196 320 2232 371 ⁹

255 462 393 526 ΟΔ.
435 459 684 538 Ἑκάβη,
720 459 1018 540 διδάσκου,
1047 461 1195 540 μηδὲ
1223 461 1304 543 τῷ
1338 461 1672 544 θυμουμένω

423 543 528 608 τὸν
559 548 620 607 ευ
651 545 904 626 λέγοντα
933 548 1187 625 δυσμενῆ
1219 549 1393 608 ποιοῦ
1424 547 1619 625 φρενί
2122 560 2228 608 300

425 631 539 710 ἐγὼ
570 629 639 692 τὸ
667 635 776 708 μὲν
805 631 914 694 σὸν
944 633 1118 709 σῶμ’,
1150 629 1256 710 ὑφ’
1287 631 1465 712 οὗπερ
1493 631 1800 711 ηὐτύχουν,

425 715 637 791 σώζειν
667 715 897 793 ἕτοιμός
929 718 1064 793 εἰμι,
1097 716 1236 778 κούκ
1267 714 1466 781 ἄλλως
1493 713 1673 796 λέγω·

423 798 463 861 ἃ
491 802 542 863 δ’
576 801 744 863 εἷπον
774 804 855 865 εἷς
885 798 1163 869 ἅπαντας,
1195 800 1299 863 οὐκ
1329 798 1672 912 ἀρνήσομαι,

422 887 638 964 Τροίας
668 886 927 961 ἁλούσης
957 884 1118 965 ἀνδρὶ
1147 887 1227 968 τῷ
1261 888 1469 971 πρώτῳ
1503 890 1755 967 στρατοῦ

426 969 539 1047 σὴν
569 974 748 1033 παῖδα
778 975 977 1034 δοῦναι
1008 969 1272 1053 σφάγιον
1302 947 1705 1055 ἑξαιτουμένω.
2124 986 2226 1033 305

424 1057 487 1118 ἐν
514 1055 663 1140 τῷδε
691 1056 804 1135 γὰρ
836 1055 1156 1136 κάμνουσιν
1185 1058 1246 1118 αἱ
1280 1056 1501 1118 πολλαὶ
1530 1056 1754 1134 πόλεις,

423 1141 565 1203 ὅταν
594 1165 681 1205 τις
712 1138 929 1206 ἐσθλὸς
954 1139 1047 1203 καὶ
1077 1141 1368 1221 πρόθυμος
1400 1141 1482 1203 ὢν
1513 1139 1655 1220 ἀνὴρ

421 1230 600 1304 μηδὲν
632 1224 881 1306 φέρηται
911 1231 1027 1287 τῶν
1058 1226 1343 1290 κακιόνων
1371 1223 1574 1288 πλέον.

421 1311 560 1388 ἡμῖν
589 1310 640 1371 δ’
672 1312 994 1391 Ἀχιλλεὺς
1025 1307 1187 1385 ἄξιος
1216 1312 1405 1389 τιμῆς,
1436 1312 1627 1387 γύναι,

422 1394 614 1457 θανὼν
640 1395 784 1472 ὑπὲρ
815 1396 923 1473 γῆς
949 1391 1244 1458 Ἑλλάδος
1276 1395 1550 1455 κάλλιστ’
1583 1392 1745 1474 ἀνήρ.
2122 1408 2232 1457 δια

422 1479 629 1543 οὔκουν
657 1479 778 1542 τόδ’
812 1476 1081 1560 αἰσχρὸν,
1115 1480 1168 1541 εἰ
1193 1478 1485 1556 βλέποντι
1513 1479 1623 1556 μὲν
1644 1481 1801 1562 φίλῳ

419 1565 741 1647 χρώμεσθ’,
775 1564 899 1628 ἐπεὶ
930 1565 981 1626 δ’
1013 1563 1245 1643 ἄπεστι,
1277 1562 1356 1644 μὴ
1386 1563 1688 1644 χρώμεσθ*
1722 1564 1847 1636 ἔτι,
1834 1589 1847 1603 ·

421 1649 560 1713 εἶεν·
606 1653 668 1713 τι
692 1648 813 1727 δῆτ’
849 1651 974 1729 ἐρεῖ
997 1674 1104 1719 τις,
1138 1647 1215 1725 ἤν
1240 1674 1328 1714 τις
1359 1650 1429 1712 αὖ
1460 1649 1619 1734 φανῇ

422 1740 676 1814 στρατοῦ
705 1735 758 1797 τ’
791 1737 1056 1813 ἆθροισις
1084 1735 1385 1813 πολεμίων
1414 1736 1467 1796 τ)
1500 1712 1760 1818 ἀγωνία;

419 1820 637 1900 πότερα
663 1819 1007 1901 μαχούμεθ’,
1041 1818 1077 1898 ἢ
1110 1817 1631 1902 φιλοψυχήσομεν,
2122 1836 2236 1886 315

421 1904 525 1968 τὸν
554 1905 901 1977 κατθανόνθ’
936 1908 1181 1991 ὁρῶντες
1211 1905 1279 1969 οὐ
1308 1905 1673 1985 τιμώμενονς

423 1991 515 2051 καὶ
544 2016 660 2070 μην
688 1982 895 2071 ἔμοιγε
924 1984 1091 2067 ζῶντι
1119 1993 1246 2068 μὲν,
1285 1991 1414 2054 καθ’
1444 1989 1666 2072 ἡμέραν

421 2076 508 2137 κεί
541 2075 732 2155 σμίκρ’
767 2074 980 2156 ἔχοιμι,
1010 2074 1184 2136 πάντ’
1216 2075 1291 2137 ἂν
1320 2076 1644 2157 ἀρκούντως
1675 2074 1822 2158 ἔχοι·

424 2161 653 2237 τύμβον
683 2160 744 2222 δὲ
773 2159 1104 2237 βουλοίμην
1133 2156 1206 2220 ἂν
1237 2157 1578 2237 ἀξιούμενον

418 2241 522 2308 τὸν
551 2242 691 2322 ἐμὸν
719 2245 983 2324 ὁρασθαι·
1032 2244 1129 2305 διὰ
1152 2248 1375 2323 μακροῦ
1403 2245 1514 2324 γὰρ
1542 2243 1578 2320 ἦ
1607 2242 1797 2325 χάρις.
2127 2259 2238 2307 320

420 2331 472 2392 εἰ
502 2329 554 2390 δ’
586 2331 788 2409 οἰκτρὰ
815 2327 1077 2410 πάσχειν
1106 2326 1242 2439 φὴς,
1274 2326 1404 2413 τάδ’
1436 2327 1717 2393 ἀντάκουέ
1741 2349 1874 2407 μου·

424 2413 577 2479 εἰσὶν
604 2415 740 2494 παρ’
771 2415 928 2494 ἡμῖν
940 2415 1108 2478 οὐδὲν
1135 2391 1331 2493 ησσον
1360 2413 1558 2477 ἄθλιαι

421 2506 621 2580 γραῖαι
650 2505 920 2579 γυναῖκες
947 2498 1051 2574 ἠδὲ
1079 2504 1415 2580 πρεσβῦται
1446 2502 1637 2572 σὲθεν,

421 2586 645 2663 νύμφαι
673 2584 725 2645 τ’
758 2584 1015 2664 ἀρίστων
1043 2585 1313 2665 νυμφίων
1339 2584 1681 2665 τητώμεναι,

422 2670 503 2732 ὧν
529 2669 633 2744 ἥδε
663 2669 853 2731 κεύθει
884 2670 1108 2747 σώματ’
1138 2670 1328 2732 Ἰδαία
1357 2670 1534 2735 κόνις.
2126 2685 2226 2733 325

421 2754 615 2829 τόλμα
643 2751 793 2816 τάδ’·
835 2751 1002 2831 ἡμεῖς
1032 2754 1105 2830 δ’,
1139 2756 1190 2817 εἰ
1220 2759 1407 2817 κακῶς
1438 2755 1747 2858 νομίζομεν

422 2840 595 2914 τιμᾶν
623 2833 727 2899 τὸν
758 2835 994 2916 ἐσθλὸν,
1025 2836 1278 2914 ἀμαθίαν
1306 2830 1675 2916 ὀφλήσομεν·

426 2923 483 2984 οἱ
511 2918 811 3000 βάρβαροι
843 2925 905 2984 δὲ
934 2919 1080 3000 μήτε
1109 2919 1242 2986 τοὺς
1274 2921 1485 3001 φίλους
1516 2923 1730 3001 φίλους

421 3004 670 3086 ἡγεῖσθε
696 3005 843 3083 μήτε
871 3006 1008 3071 τοὺς
1039 3011 1229 3070 καλῶς
1261 3006 1609 3083 τεθνηκότας

422 3090 750 3172 θαυμάζεθ’,
786 3089 862 3156 ὡς
892 3088 964 3154 ἂν
990 3090 1027 3169 ἡ
1057 3095 1164 3169 μὲν
1190 3088 1419 3157 Ἑλλὰς
1449 3091 1680 3175 εὐτυχῇ,
2124 3106 2228 3154 330

421 3179 584 3253 ὑμεῖς
615 3176 664 3237 δ’
699 3175 864 3257 ἔχηθ’
896 3177 1070 3255 ὅμοια
1098 3182 1219 3242 τοῖς
1247 3178 1673 3254 βουλεύμασιν.

257 3263 390 3323 XO.
420 3265 560 3323 αἰαῖ·
607 3259 674 3322 τὸ
704 3261 978 3324 δοῦλον“
948 3286 1024 3326 ως
1054 3261 1230 3323 κακὸν
1259 3258 1601 3340 πεφυκέναι,

424 3346 617 3455 τολμᾷ
650 3346 704 3407 θ’
736 3342 774 3406 ἃ
794 3370 874 3425 μη
903 3370 1038 3427 χρη,
1069 3346 1139 3432 τῇ
1168 3346 1279 3427 βία
1307 3345 1640 3422 νικώμενον
1768 3411 1775 3417 ,

257 3434 388 3492 ΕΚ.
426 3457 471 3491 ω
504 3431 770 3511 θύγατερ,
804 3432 971 3509 οὑμοὶ
999 3433 1108 3511 μὲν
1136 3431 1308 3510 λόγοι
1337 3429 1480 3511 πρὸς
1509 3431 1711 3509 αἰθέρα

428 3519 673 3594 φροῦδοι
702 3512 891 3594 μάτην
917 3513 1098 3597 ῥιφθέ
1097 3540 1225 3581 ντες
1256 3514 1407 3596 ἀμφὶ
1437 3520 1548 3577 σοῦ
1579 3515 1784 3594 φόνου·
2123 3526 2226 3574 335

428 3597 503 3662 σὺ
535 3600 588 3661 δ’
620 3600 676 3660 εἴ
697 3624 754 3662 τι
780 3599 956 3677 μείζω
987 3598 1286 3681 δύναμιν*
1255 3627 1290 3677 η
1318 3597 1505 3679 μήτηρ
1535 3599 1713 3680 ἔχεις,

430 3682 740 3763 σπούδαζε,
771 3682 966 3752 πάσας
997 3685 1138 3747 ὥστ’
1171 3685 1415 3760 ἀηδόνος
1444 3685 1637 3762 στόμα
2001 3762 2037 3818 8

1939 3777 1973 3818 n
