2492 4092
258 287 292 335 8
616 295 623 301 ’
1091 291 1411 333 ΕΥΡΙΠΙΔΟΥ

429 424 649 501 πότερα
677 420 743 483 τὸ
772 423 923 502 χρῆν
953 419 1058 500 σφ’
1094 420 1343 500 ἐπήγαγ’
1376 421 1909 502 ἀνθρωποσφαγεῖν
2133 434 2240 488 260

430 506 574 586 πρὸς
602 507 849 584 τύμβον,
882 506 1022 570 ἔνθα
1048 509 1361 581 βουθυτεῖν
1387 509 1620 583 μᾶλλον
1648 506 1854 586 πρέπει
1870 534 1891 586 3

317 600 327 615 ¹
427 592 465 668 ἢ
494 591 628 656 τοὺς
660 591 972 661 κτανόντας
1002 592 1446 654 ἀνταποκτεῖναι
1478 591 1668 655 θέλων

429 681 490 741 ἐς
520 675 677 753 τήνδ’
709 676 1031 756 Ἀχιλλεὺς
1062 677 1295 740 ἐνδίκως
1317 677 1492 739 τείνει
1523 678 1745 756 φόνον;

429 763 567 822 ἀλλ’
601 761 768 822 οὐδὲν
800 761 976 823 αὐτὸν
1004 761 1107 837 ἥδε
1135 761 1193 839 γ’
1227 761 1528 838 εἴργασται
1560 763 1754 826 κακόν.

424 844 681 922 Ἑλένην
711 870 802 908 νιν
832 848 1014 909 αἰτεῖν
1040 849 1191 925 χρῆν
1218 844 1390 929 τάφῳ
1420 844 1879 926 προσφάγματα·
2033 841 2048 846 “
2132 856 2245 911 26⁵

429 932 586 1007 κείνη
618 933 729 1009 γὰρ
760 930 989 994 ὤλεσέν
1018 955 1108 993 νιν
1140 932 1198 996 ἐς
1227 932 1447 1009 Τροίαν
1476 933 1529 994 τ’
1562 933 1712 1010 ἄγει.

431 1017 483 1079 εἰ
514 1019 560 1076 δ’
593 1014 971 1096 αἰχμάλωτον
1000 1014 1113 1095 χρή
1150 1017 1255 1078 τιν’
1289 1015 1551 1094 ἔκκριτον
1582 1019 1778 1078 θανεῖν

429 1099 636 1163 κάλλει
668 1102 722 1161 θ’
752 1099 1217 1179 ὑπερφέρουσαν,
1251 1101 1362 1180 οὐχ
1389 1102 1551 1178 ἡμῶν
1580 1103 1739 1163 τόδε·

424 1187 461 1261 ἡ
490 1186 773 1264 Τυνδαρὶς
801 1187 913 1264 γᾶρ
945 1185 1095 1250 εἶδος
1126 1185 1587 1264 ἐυπρεπεστάτη,

426 1269 708 1333 ἀδικοῦσά
737 1273 790 1331 θ’
821 1270 983 1348 ἡμῶν
1012 1271 1179 1335 οὐδὲν
1206 1271 1400 1348 ἧσσον
1427 1271 1654 1350 ηὑρέθη.
2136 1277 2242 1338 27ῠ

425 1356 504 1438 τῷ
536 1357 643 1434 μὲν
672 1357 871 1440 δικαίῳ
904 1356 1059 1419 τόνδ’
1093 1358 1430 1435 ἀμιλλῶμαι
1459 1357 1665 1435 λόγον·
1877 1366 1882 1371 “

426 1440 466 1501 ἃ
495 1443 546 1502 δ’
580 1443 908 1513 ἀντιδοῦναι
939 1443 1031 1504 δεῖ
1057 1442 1137 1518 σ’,
1169 1442 1528 1517 ἀπαιτούσης
1560 1443 1723 1519 ἐμοῦ,

427 1525 697 1590 ἄκουσον.
745 1528 884 1607 ἥψω
917 1529 1017 1602 τῆς
1049 1527 1204 1603 ἐμῆς,
1242 1528 1318 1589 ὣς
1350 1525 1482 1609 φῂς,
1517 1524 1693 1604 χερὸς

431 1614 525 1674 καὶ
554 1615 656 1688 τῆς
687 1613 927 1692 γεραιᾶς
957 1612 1331 1690 προσπίτνων
1359 1609 1657 1687 παρηΐδος·

427 1694 797 1774 ἀνθάπτομαί
823 1719 932 1756 σου
961 1701 1144 1760 τῶνδε
1172 1699 1290 1758 τῶν
1313 1694 1503 1756 αὐτῶν
1532 1695 1665 1773 ἐγὼ,
2131 1701 2240 1760 2:⁹5

430 1778 610 1861 χάριν
640 1781 692 1840 τ’
727 1780 950 1845 ἀπαιτῶ
983 1778 1089 1855 τὴν
1118 1780 1266 1854 τόθ’,
1301 1781 1535 1841 ἱκετεύω
1566 1778 1633 1840 τέ
1663 1802 1755 1855 σε,

427 1864 506 1941 μή
537 1888 648 1942 μου
678 1863 745 1925 τὸ
777 1865 976 1939 τέκνον
1007 1867 1069 1928 ἐκ
1098 1865 1294 1944 χερῶν
1326 1862 1696 1951 ἀποσπάσῃς,

427 1953 574 2026 μηδὲ
606 1948 866 2024 κτάνητε.
915 1950 1032 2012 τῶν
1061 1951 1424 2027 τεθνηκότων
1458 1950 1616 2015 ἅλις·

428 2034 605 2118 ταύτῃ
637 2033 862 2115 γέγηθα
892 2034 1289 2115 κᾶπιλήθομαι
1320 2036 1535 2097 κακῶν·

429 2118 517 2198 ἥδ’
553 2120 679 2184 ἀντὶ
711 2123 957 2183 πολλῶν
987 2121 1121 2184 ἐστί
1143 2146 1245 2198 μοι
1275 2120 1621 2202 παραψυχῆ,
1976 2120 1980 2125 ‘
2134 2132 2238 2180 280

431 2210 625 2276 πόλις,
660 2205 882 2283 τιθήνη,
913 2205 1190 2285 βάκτρον,
1225 2205 1459 2286 ἡγεμὼν
1490 2211 1645 2269 ὁδοῦ.

433 2290 501 2352 οὗ
528 2288 664 2354 ’τοὺς
698 2298 1044 2372 κρατοῦντας
1073 2293 1186 2370 χρὴ
1219 2297 1447 2368 κρατεῖν
1477 2291 1514 2350 ἃ
1542 2293 1623 2368 μὴ
1651 2291 1861 2370 χρεὼν,

435 2377 557 2438 οὐδ’
593 2375 978 2456 εὐτυχοῦντας
1009 2376 1071 2437 εἷ’)
1103 2380 1296 2443 δοκεῖν
1326 2373 1620 2453 πράσσειν
1650 2375 1759 2436 ἀεί.

435 2460 591 2536 κάγὼ
621 2461 733 2537 γὰρ
763 2460 833 2536 ἣν
863 2459 1012 2529 ποτ’,
1049 2460 1206 2520 ἀλλά
1236 2465 1339 2521 νῦν
1370 2462 1472 2521 οὐκ
1504 2460 1615 2535 εἴμ’
1649 2458 1752 2534 ἔτι,

435 2543 537 2604 τὸν
567 2542 758 2605 πάντα
788 2546 839 2603 δ’
873 2543 1064 2620 ὄλβον
1092 2543 1244 2621 ἦμαρ
1276 2543 1337 2604 ἕν
1365 2545 1427 2621 μ’
1461 2544 1760 2620 ἀφείλετο.
1808 2571 1818 2580 ·
2137 2556 2235 2603 285

437 2628 596 2698 ἀλλ’,
633 2625 678 2687 ὦ
712 2629 893 2705 φίλον
920 2628 1164 2706 γένειον,
1202 2625 1507 2702 αἰδέσθητί
1530 2653 1622 2705 με,

439 2714 740 2790 οἵκτειρον·
790 2712 979 2774 ἐλθὼν
1010 2712 1056 2773 δ’
1092 2714 1175 2777 εἰς
1201 2709 1510 2794 Ἀχαιϊκὸν
1542 2710 1794 2791 στρατὸν

439 2798 872 2876 παρηγόρησον,
907 2796 982 2861 ὣς
1012 2797 1376 2862 ἀποκτείνειν
1405 2800 1625 2877 φθόνος

436 2889 732 2960 γυναῖκας,
769 2881 836 2946 ἃς
866 2881 934 2943 τὸ
965 2887 1195 2961 πρῶτον
1226 2882 1329 2943 οὐκ
1361 2883 1654 2945 ἐκτείνατε

437 2971 660 3046 βωμῶν
691 2967 1163 3049 ἀποσπάσαντες,
1200 2966 1339 3028 ἀλλ’
1371 2964 1698 3048 ᾠκτείρατε.
2001 3024 2008 3027 ,
2134 2978 2232 3030 290

439 3052 617 3129 νόμος
647 3054 699 3111 δ’
733 3054 795 3114 ἐν
822 3053 960 3130 ὑμῖν
987 3055 1110 3116 τοῖς
1139 3051 1191 3111 τ’
1225 3049 1553 3129 ἐλευθέροις
1581 3052 1712 3116 ἴσος

441 3136 536 3196 καὶ
564 3140 720 3197 τοῖσι
749 3137 980 3202 δούλοις
1010 3137 1254 3213 αἵματος
1285 3141 1465 3199 κεῖται
1494 3135 1643 3214 πέρι.

442 3219 510 3280 τὸ
542 3220 592 3281 δ’
627 3218 873 3298 ἀξίωμα,
906 3220 1013 3284 κᾶν
1042 3225 1227 3285 κακῶς
1256 3218 1454 3302 λέγῃς,
1488 3217 1556 3282 τὸ
1589 3220 1703 3281 σὸν

441 3305 652 3367 πείσει·
701 3304 881 3384 λόγος
909 3309 1022 3385 γᾶρ
1053 3303 1116 3367 ἔκ
1146 3306 1197 3366 '1¹²
1230 3304 1594 3381 ἀδοξούντων
1623 3306 1726 3368 ἰὼν

446 3390 553 3451 κάκ
581 3393 697 3450 τῶν
722 3392 1048 3456 δοκούντων
1076 3389 1246 3454 αὐτὸς
1272 3390 1338 3452 οὗ
1367 3389 1579 3453 ταύτὸν
1607 3389 1819 3454 σθένει.
2141 3398 2235 3456 29⁵

50 3540 55 3551 ,
269 3475 410 3535 XO.
443 3475 546 3535 οὐκ
577 3473 741 3538 ἔστιν
770 3476 919 3541 οὕτω
952 3475 1194 3554 στερρὸς
1217 3477 1523 3555 ἀνθρώπου
1554 3476 1752 3553 φύσις,

42 3552 69 3631 1¹
445 3559 570 3634 ἥτις
599 3559 757 3638 γόων
787 3563 910 3621 σῶν
941 3563 1033 3623 καὶ
1061 3565 1295 3640 μακρῶν
1325 3561 1664 3641 ὀδυρμάτων

41 3634 279 4018 L
448 3642 708 3704 κλύουσα
739 3642 981 3722 θρήνους
1011 3646 1111 3708 οὐκ
1144 3643 1495 3723 ἂν“ἐκβάλοι
1525 3645 1722 3727 δάκρυ.
1805 3679 1813 3687 ·

50 3194 56 3215 ,.
42 3096 53 3169 exn-⁴
