2492 4092
1093 325 1346 369 ΜΗΔΕῙΑ.

408 459 660 535 σεμνοὺς
690 462 969 538 γεγῶτας,
1005 456 1139 522 τοὺς
1168 458 1277 534 μὲν
1305 457 1581 533 ὀμμάτων
1610 455 1753 527 ἄπο,Ι

412 542 545 606 τοὺς
574 542 625 604 δ’
658 543 721 607 ἐν
750 544 1025 620 θυραίοις·
1074 543 1130 604 οἱ
1160 542 1211 602 δ’
1244 542 1353 620 ἀφ’
1384 540 1613 623 ἡσύχου
1641 545 1820 603 ποδος

407 629 720 690 δύσκλειαν
748 625 1066 702 ἐκτήσαντο
1097 628 1190 688 καὶ
1216 627 1519 707 ῥᾳθυμίαν.

411 713 538 788 δίκη
567 716 680 792 γὰρ
710 710 812 774 οὗκ
844 711 1034 775 ἔνεστ’
1066 712 1129 772 ἐν
1158 712 1490 790 ὀφθαλμοῖς
1517 715 1773 788 βροτῶν,

408 797 575 860 ὅστις
604 799 741 873 πρὶν
768 794 974 875 ἀνδρὸς
1003 792 1356 875 σπλάγχνον
1385 796 1657 873 ἐκμαθεῖν
1685 797 1893 875 σαφῶς

412 886 622 960 στυγεῖ
645 880 945 959 δεδορκὼς,
978 880 1148 941 οὐδὲν
1173 877 1532 957 ἠδικημένος.

413 964 527 1046 χρὴ
557 969 621 1028 δὲ
650 964 818 1042 ξένον
844 968 954 1044 μὲν
983 963 1164 1043 κάρτα
1192 964 1567 1044 προσχωρεῖν
1596 965 1789 1026 πόλει·

415 1050 535 1113 οὐδ’
566 1047 750 1113 ἀστὸν
777 1049 946 1133 ᾔνεσ’
978 1051 1142 1114 ὅστις
1171 1047 1424 1126 αὐθάδης
1452 1049 1639 1127 γεγὼς

414 1136 617 1212 πικρὸς
645 1138 915 1198 πολίταις
944 1135 1108 1196 ἐστὶν
1136 1135 1387 1213 ἀμαθίας
1414 1136 1554 1196 ὕπο.

415 1220 542 1296 ἐμοὶ
572 1221 624 1279 δ’
655 1218 914 1281 ἄελπτον
942 1223 1181 1296 πρᾶγμα
1210 1219 1556 1296 προσπεσὸν
1586 1218 1721 1278 τόδε

416 1300 622 1381 ψυχὴν
649 1303 971 1381 διέφθαριέ·
1021 1305 1259 1381 οἴχομαι
1288 1304 1353 1364 δὲ
1383 1302 1475 1364 καὶ
1502 1301 1644 1379 βίου

417 1383 593 1466 χάριν
619 1390 868 1463 μεθεῖσα
898 1390 1203 1448 κατθανεῖν
1229 1382 1445 1470 χρῄζω,
1481 1386 1672 1463 φίλαι.

424 1472 488 1533 ἐν
514 1467 559 1554 ᾧ
589 1472 701 1552 γὰρ
729 1470 802 1547 ἦν
826 1495 927 1547 μοι
955 1467 1147 1533 πάντα
1172 1471 1525 1550 γιγνώσκειν
1555 1471 1764 1536 καλῶς,

420 1551 690 1620 κάκιστος
718 1555 940 1634 ἀνδρῶν
970 1552 1260 1635 ἐκβέβηχ’
1293 1553 1468 1633 οὑμὸς
1498 1554 1692 1617 πόσις.

423 1637 657 1701 πάντων
685 1642 738 1702 δ’
771 1640 865 1702 50³
897 1639 1022 1701 ἔστ’
1056 1639 1301 1720 ἔμψυχα
1331 1638 1424 1700 καὶ
1452 1641 1690 1718 γνώμην
1721 1637 1848 1718 ἔχει

421 1724 685 1803 γυναῖκές
715 1728 893 1803 ἔσμεν
921 1726 1283 1788 ἀθλιώτατον
1311 1724 1521 1804 φυτόν·

430 1808 499 1874 ἃς
528 1815 736 1890 πρῶτα,
754 1811 864 1889 μὲν
891 1814 984 1873 δεῖ
1006 1808 1321 1891 χρημάτων
1347 1806 1652 1894 ὑπερβολῇ

423 1894 601 1956 πόσιν
630 1897 909 1973 πρίασθαι
937 1897 1231 1969 δεσπότην
1260 1920 1325 1958 τε
1353 1896 1624 1974 σώματος

428 1984 661 2058 λαβεῖν·
710 1986 887 2042 κακοῦ
916 1982 1025 2059 γᾶρ
1054 1982 1211 2042 τοῦτ’
1245 1980 1328 2042 ἔτ’
1360 1980 1573 2058 ἄλγιον
1603 1978 1802 2041 κακόν·

424 2063 531 2125 κάν
558 2063 694 2144 τῷδ’
726 2063 886 2142 ἀγὼν
914 2064 1208 2142 μέγιστος,
1241 2063 1280 2138 ἢ
1312 2064 1489 2125 κακὸν
1517 2068 1733 2139 λαβεῖν

424 2145 463 2223 ἢ
496 2147 775 2227 χρηστόν.
865 2147 933 2208 οὗ
960 2150 1071 2225 γὰρ
1103 2149 1361 2211 εὐκλεεῖς
1389 2147 1734 2226 ἀπαλλαγαὶ

426 2227 710 2310 γυναιξὶν,
745 2231 868 2293 οὐδ’
899 2233 1024 2294 οἶόν
1051 2231 1103 2291 τ’
1118 2229 1461 2311 ,ἀνήνασθαι
1490 2232 1690 2295 πόσιν.

417 2319 477 2380 ἐς
507 2319 677 2378 καινὰ
704 2318 756 2376 δ’
786 2314 899 2393 ἤθη
931 2316 1023 2377 καὶ
1053 2316 1264 2393 νόμους
1292 2315 1621 2395 ἀφιγμένην

428 2404 522 2464 δεῖ
545 2397 752 2481 μάντιν
782 2400 949 2470 εἶναι,
980 2399 1059 2477 μὴ
1088 2406 1396 2478 μαθοῦσαν
1424 2402 1669 2469 οἴκοθεν,

427 2488 541 2570 ὅτῳ
569 2483 832 2563 μάλιστα
860 2485 1143 2567 χρήσεται
1172 2484 1409 2563 ξυνευνέ
1484 2531 1500 2548 .

428 2568 535 2633 κᾶν
561 2574 670 2649 μὲν
698 2570 820 2633 τάδ’
850 2570 989 2650 ἡμῖν
1020 2511 1534 2648 ἐκπονουμένοΞιν
1564 2570 1628 2633 εὖ

427 2659 602 2720 πόσις
632 2653 884 2740 ξυνοικῇ,
913 2654 992 2733 μὴ
1022 2658 1132 2764 ,ε’ἶίᾳ
1162 2656 1358 2735 φέρων
1389 2655 1575 2735 ζυγὸν,

432 2736 688 2821 ζηλωτὸς
717 2740 882 2801 αἰών·
927 2744 980 2801 εἰ
1008 2744 1072 2801 δε
1100 2740 1197 2814 μὴ,
1230 2743 1426 2804 θανεῖν
1452 2739 1662 2819 χρεών.

433 2822 575 2899 ἀνὴρ
605 2823 657 2882 δ’
689 2822 830 2883 ὅταν
858 2828 981 2886 τοῖς
1011 2823 1179 2884 ἔνδον
1207 2822 1460 2902 ἄχθηται
1490 2821 1694 2897 ξυνὼν,

435 2904 550 2983 ἔξω
577 2907 782 2982 μολὼν
812 2905 1039 2968 ἔπαυσε
1071 2907 1308 2985 καρδίαν
1336 2905 1503 2982 ἄσης,

323 3070 332 3079 ¹
390 2976 469 3099 (ἢ
498 2989 643 3071 πρὸς
673 2992 855 3070 φίλον
882 2991 992 3052 τιν’
1021 2987 1058 3065 ἢ
1088 2989 1234 3070 πρὸς
1261 2993 1466 3068 ἥλικας
1496 2980 1812 3075 τραπείς]

429 3081 570 3153 ημῖν
598 3077 652 3137 δ’
683 3077 904 3155 ἀνάγκη
933 3075 1078 3154 πρὸς
1105 3076 1245 3152 μίαν
1272 3074 1477 3158 ψυχὴν
1501 3073 1775 3153 βλέπειν.

433 3160 677 3243 λέγουσι
707 3161 758 3224 δ’
789 3161 936 3238 ἡμᾶς
965 3160 1041 3226 ὧς
1071 3161 1370 3224 ἀκίνδυνον
1395 3161 1537 3236 βίον

439 3245 626 3324 ζῶμεν
654 3247 779 3307 κατ’
811 3248 1019 3322 οἴκους,
1053 3247 1109 3305 οἱ
1138 3246 1202 3305 δὲ
1230 3243 1547 3323 μάρνανται
1575 3246 1719 3323 δορὶ,

438 3335 624 3395 κακῶς
653 3334 1025 3410 φρονοῦντες·
1072 3327 1147 3392 ὥς
1176 3331 1300 3409 τρὶς
1329 3325 1402 3390 ἂν
1429 3326 1562 3402 παρ’
1595 3329 1816 3392 ἀσπίδα

442 3418 652 3492 στῆναι
683 3412 903 3492 θέλοιμ’
938 3411 1011 3475 ἂν
1036 3417 1271 3492 μᾶλλον
1299 3413 1335 3489 ἢ
1365 3421 1555 3476 τεκεῖν
1582 3412 1758 3489 ἅπαξ.

439 3497 579 3559 ἀλλ’
611 3498 679 3560 οὗ
706 3503 817 3578 γᾶρ
848 3497 1020 3565 αὐτὸς
1048 3496 1192 3577 πρὸς
1222 3499 1294 3559 σὲ
1323 3499 1456 3575 κᾶμ’
1484 3499 1612 3575 ἥκει
1639 3501 1837 3576 λόγος·

443 3582 538 3644 σοὶ
566 3582 675 3659 μὲν
703 3585 876 3646 πόλις
904 3584 959 3644 θ’
988 3582 1076 3660 ἥδ’
1109 3582 1236 3643 ἐστὶ
1269 3582 1360 3643 καὶ
1391 3582 1607 3661 πατρὸς
1636 3580 1803 3661 δόμοι

446 3666 581 3728 Βίου
608 3667 664 3727 τ’
695 3669 897 3741 ὄνησις
927 3671 1020 3728 καὶ
1049 3667 1245 3745 φίλων
1274 3668 1564 3737 κοινωνία,

2146 319 2206 366 89

2105 467 2206 514 215

2105 805 2211 850 220

2112 1226 2215 1271 225
2249 1213 2259 1227 ⁰

2116 1646 2222 1716 230

2119 2069 2223 2116 235
2296 2057 2303 2064 ‘

2123 2493 2228 2540 ‘240

2129 2912 2231 2960 245

2134 3339 2237 3387 250
2342 3314 2353 3328 ’
