2492 4092
1095 330 1142 372 M
1147 328 1349 373 ΗΔΕῙᾸ.

408 461 648 542 ἔβλαψε
677 458 821 537 δόξα
833 458 1081 541 ’μεγάλα
1108 460 1161 521 τ’
1186 462 1492 541 εἴργασται
1522 460 1689 537 κακά,

407 547 521 628 χρὴ
551 546 601 608 δ’
634 546 833 609 οὔποθ’
866 546 1028 610 ὅστις
1060 547 1357 624 ἀρτίφρων
1385 544 1599 625 πέφυκ’
1632 547 1776 627 ἀνὴρ

407 635 616 696 παῖδας
643 634 940 708 περισσῶς
973 628 1416 693 ἐκδιδάσκεσθαι
1448 631 1696 711 σοφούς·

405 715 582 797 χωρὶς
612 716 722 795 γὰρ
752 714 938 791 ἄλλης
967 713 1035 791 ἧς
1066 713 1314 793 ἔχουσιν
1344 715 1547 795 ἀργίας

406 800 631 875 φθόνον
657 800 801 877 πρὸς
831 799 1029 861 ἀστῶν
1058 797 1393 876 ἆλφάνουσι
1400 804 1695 906 δυσμενῆ.

409 888 670 945 σκαιοῖσι
700 885 807 962 μὲν
837 884 949 962 γὰρ
981 885 1149 946 καινὰ
1177 881 1532 963 προσφέρων
1559 892 1728 969 σοφὰ

408 967 596 1045 δόξεις
626 968 861 1047 ἀχρεῖος
891 967 991 1029 κού
1022 967 1214 1047 σοφὸς
1244 966 1586 1047 πεφυκέναι·

405 1057 484 1114 τῶ
488 1077 522 1115 ν
551 1054 604 1114 δ’
635 1052 707 1114 αὖ
737 1052 1060 1115 δοκούντων
1091 1051 1304 1115 εἰδέναι
1333 1078 1391 1116 τι
1420 1054 1691 1117 ποικίλον

407 1138 697 1215 κρείσσων
727 1138 1023 1215 νομισθεὶς
1053 1138 1276 1216 λυπρὸς
1306 1139 1372 1202 ἐν
1400 1140 1573 1202 πόλει
1601 1146 1799 1219 φανεῖ.

406 1223 519 1299 ἐγὼ
551 1223 615 1284 δὲ
647 1221 823 1298 καύτὴ
853 1224 1034 1299 τῆσδε
1065 1227 1319 1283 κοινωνῶ
1353 1226 1551 1303 τύχης.

406 1307 569 1385 σοφὴ
599 1311 710 1385 γὰρ
740 1307 894 1368 οὖσα
922 1311 1043 1370 τοῖς
1071 1306 1178 1384 μέν
1207 1308 1319 1383 εἰμ’
1354 1308 1690 1386 ἐπίφθονος,

409 1397 553 1470 [τοῖς
584 1392 630 1453 δ’
663 1390 941 1472 ἡσυχαία,
974 1395 1097 1454 τοῖς
1129 1394 1192 1453 δὲ
1222 1390 1462 1470 θατέρου
1492 1394 1754 1470 τρόπου.]

402 1480 523 1542 τοῖς
552 1478 601 1539 δ’
636 1477 707 1538 αυ
736 1475 1091 1554 προσάντης·
1137 1474 1253 1554 εἰμὶ
1283 1477 1337 1536 δ’
1370 1477 1473 1537 οὐκ
1503 1475 1653 1556 ἄγαν
1682 1477 1866 1557 σοφή.

406 1563 482 1623 σὺ
512 1563 563 1621 δ’
597 1561 700 1623 ουν
729 1566 919 1640 φοβεῖ
941 1585 1017 1639 με
1043 1558 1122 1637 μή
1152 1584 1208 1622 τι
1238 1563 1580 1640 πλημμελὲς
1610 1561 1819 1646 πάθῃς·

406 1647 517 1726 οὐχ
547 1644 640 1709 ὧδ’
676 1647 801 1726 ἔχει
826 1671 946 1723 μοι,
979 1670 1059 1724 μη
1089 1644 1303 1730 τρέσῃς
1330 1645 1497 1722 ἡμᾶς,
1533 1646 1739 1725 Κρέον,

405 1730 548 1791 ὥστ’
581 1734 639 1795 ἐς
669 1729 978 1838 τυράννους
1008 1731 1218 1808 ἄνδρας
1257 1730 1693 1810 ἐξαμαρτάνειν.

405 1841 479 1877 συ
508 1817 620 1895 γὰρ
652 1816 712 1877 τί
734 1815 791 1893 μ’
826 1815 1135 1893 ἠδίκηκας;
1183 1815 1383 1892 ἔξέδου
1415 1818 1592 1896 κόρην

346 1906 360 1913 “
404 1900 519 1983 ὅτω
552 1925 626 1963 σε
655 1899 832 1978 θυμὸς
860 1900 1025 1981 ἦγεν.
1072 1901 1205 1962 ἀλλ’
1239 1900 1379 1981 ἐμὸν
1406 1902 1586 1966 πόσιν

402 1991 583 2060 μισῶ
630 2010 707 2046 συ
737 1984 806 2056 δ’,
838 2010 1016 2062 οιμαι,
1049 1992 1378 2065 σωφρονῶν
1408 1986 1575 2066 ἔδρας
1603 1986 1759 2050 τάδε

407 2068 499 2130 καὶ
530 2074 632 2133 νῦν
661 2068 728 2130 τὸ
756 2094 865 2145 μεν
894 2069 1004 2130 σὸν
1031 2072 1100 2132 οὐ
1131 2076 1332 2148 φθονῶ
1365 2075 1555 2134 καλῶς
1589 2070 1765 2153 ἔχειν.

406 2152 738 2232 νυμφεύετᾎ
765 2179 828 2215 ευ
859 2149 1206 2233 πράσσοιτε·
1256 2155 1429 2230 τήνδε
1459 2156 1522 2214 δὲ
1549 2157 1738 2234 χθόνα

409 2236 543 2300 εᾶτέ
568 2237 627 2315 μ’
660 2239 862 2301 οἰκεῖν·
908 2236 1002 2298 καὶ
1030 2240 1140 2315 γὰρ
1170 2236 1508 2314 ἠδικημένοι

407 2323 839 2401 σιγησόμεσθα,
872 2323 1233 2401 κρεισσόνων
1265 2323 1590 2400 νικώμενοι.

239 2411 360 2469 ΚΡ.
404 2408 601 2488 λέγεις
631 2407 878 2470 ἀκοῦσαι
906 2405 1177 2486 μαλθάκ’,
1213 2405 1345 2469 ἀλλ’
1380 2407 1500 2468 ἔσω
1532 2411 1764 2483 φρενῶν

407 2494 658 2573 ὀρρωδία
684 2518 786 2569 μοι
813 2491 893 2569 μή
924 2517 982 2554 τι
1010 2493 1305 2575 βουλεύῃς
1334 2491 1527 2564 κακὸν,

405 2580 633 2660 τοσῷδε
663 2577 714 2640 δ’
747 2579 938 2656 ἧσσον
967 2575 1003 2655 ἢ
1034 2575 1217 2657 πάρος
1247 2576 1503 2640 πέποιθά
1532 2597 1648 2642 σοι·

406 2662 552 2742 γυνὴ
581 2664 692 2741 γὰρ
724 2664 1025 2740 ὀξύθυμος,
1059 2664 1134 2726 ὡς
1164 2660 1212 2722 δ’
1247 2663 1434 2727 αὕτως
1465 2661 1625 2741 ἀνὴρ,

383 2816 388 2823 ⁷,
407 2747 569 2851 ῥᾴων
597 2744 993 2822 φυλάσσειν*
961 2771 998 2821 η
1031 2747 1330 2821 σιωπηλὸς
1361 2749 1572 2827 σοφός.

321 2902 332 2917 ⁸
409 2827 544 2892 ἀλλ’
578 2827 778 2939 ἔξιΗο’“
748 2855 823 2894 ως
852 2829 1123 2910 τάχιστα,
1156 2829 1235 2908 μὴ
1265 2832 1479 2938 λόγους
1509 2832 1674 2911 λέγε·

411 2914 489 2979 ὦς
519 2910 676 2977 ταῦτ’
711 2913 905 2995 ἄραρε,
938 2915 1074 2976 κούκ
1108 2915 1265 2996 ἔχεις
1295 2915 1508 2995 τέχνην
1530 2918 1686 2981 ὅπως

409 3005 604 3078 μενεῖς
625 2999 800 3079 παῤ
771 3005 927 3077 ημῖν,
961 3000 1112 3062 οὖσα
1141 3001 1429 3078 δυσμενης
1460 3001 1608 3079 ἐμοί.

243 3091 390 3148 ΜΗ.
407 3111 505 3163 μη,
541 3084 686 3163 πρός
717 3110 789 3148 σε
820 3084 1083 3163 γονάτων
1110 3087 1212 3160 τῆς
1242 3109 1306 3147 τε
1337 3083 1628 3165 νεογάμου
1659 3087 1854 3165 κόρης.

243 3173 361 3234 KP.
402 3170 616 3249 λόγους
650 3172 908 3233 ἆναλοῖς·
958 3169 1025 3231 οὗ
1053 3172 1164 3249 γὰρ
1194 3167 1269 3230 ἂν
1294 3172 1526 3234 πείσαις
1554 3167 1716 3235 ποτέ.

209 3295 215 3300 -
244 3259 393 3317 ΜΗ.
411 3251 543 3315 ἀλλ’
580 3251 791 3334 ἑξελᾷς
821 3279 913 3332 με,
947 3253 1148 3316 κούδὲν
1177 3252 1398 3316 αἰδέσει
1427 3252 1629 3331 λιτάς,
1614 3279 1629 3293 ·

245 3343 362 3401 ΚΡ.
413 3342 571 3417 φιλῶ
600 3343 713 3417 γὰρ
744 3339 811 3400 οὐ
841 3340 913 3398 σὲ
940 3335 1230 3415 μᾶλλον
1198 3362 1235 3412 η
1268 3337 1477 3415 δόμους
1507 3339 1696 3415 ἐμούς.

245 3429 307 3485 Μ
315 3420 446 3486 Η
409 3448 455 3482 ω
487 3423 709 3500 πατρὶς,
744 3424 821 3488 ὥς
852 3447 962 3484 σου
993 3423 1173 3501 κάρτα
1201 3426 1305 3485 νῦν
1331 3425 1535 3498 μνείαν
1564 3423 1700 3506 ἔχω.

245 3511 367 3568 ΚΡ.
412 3504 568 3582 πλὴν
588 3509 700 3586 γὰρ
730 3506 945 3570 τέκνων
976 3506 1178 3585 ἔμοιγε
1207 3507 1497 3586 φίλτατον
1525 3510 1719 3576 πόλις

246 3595 396 3655 ΜΗ.
413 3595 530 3669 φεῦ
558 3597 690 3668 φεῦ·
735 3597 975 3671 βροτοῖς
1007 3591 1278 3671 ἔρωτες“
1247 3617 1324 3657 ως
1355 3592 1531 3657 κακὸν
1557 3592 1729 3672 μέγα.
1822 3622 1829 3625 ·

247 3679 364 3738 ΚΡ.
411 3676 566 3739 ὅπως
596 3671 690 3751 ἂν,
722 3676 906 3753 οἶμαι,
937 3677 1031 3738 καὶ
1061 3681 1444 3756 παραστῶσιν
1473 3677 1662 3757 τύχαι.

2135 329 2198 379 91

2103 562 2204 614 29⁵

2106 986 2207 1031 300

2103 1493 2202 1540 305

2103 1917 2207 1964 310

2108 2340 2206 2387 315

2105 2763 2206 2810 320

2104 3185 2206 3233 325

2103 3608 2204 3656 330
