2492 4092
12 340 22 371 ι
282 348 294 357 ·
1063 316 1311 359 MHAEIA.

368 451 610 531 λέγουο)
641 450 857 514 Ἰάσων
887 450 965 516 ὡς
997 450 1272 518 κάκιστός
1303 454 1430 514 ἐστ’
1463 452 1626 532 ἆνήρ·

374 535 414 598 ἃ
442 537 496 599 δ’
527 537 587 601 ἐς
616 536 927 616 τυράννους
959 537 1092 599 ὂστί
1117 562 1216 600 σοι
1245 537 1594 618 λελεγμένα,

370 627 487 685 πᾶν
517 619 772 701 κέρδος
743 627 891 699 ηγοῦ
925 619 1270 699 ζημιουμένη
1302 625 1488 708 φυγῇ.

374 707 534 786 κάγὼ
564 705 728 784 μὲν’
698 707 790 767 αεὶ
817 704 1125 782 βασιλέων
1151 686 1526 784 θυμουμένων

375 793 554 872 ὀργᾶς
584 785 867 873 ἀφῄρουν,
904 792 1004 852 καί
1030 789 1087 852 σ’
1122 792 1455 868 ἐβουλόμην
1477 791 1696 871 μένειν·

373 876 449 938 σὺ
480 873 666 938 δὀὐκ
697 874 863 952 ἀνίης
891 875 1126 952 μωρίας,
1161 873 1400 955 λέγουσ’
1434 877 1526 940 ἀεὶ

376 964 564 1024 κακῶς
594 956 925 1039 τυράννους·
970 963 1175 1038 τοιγὰρ
1201 961 1444 1025 ἐκπεσεῖ
1466 964 1698 1041 χθονός.

371 1043 528 1121 ὅμως
557 1045 621 1106 δὲ
650 1044 759 1105 κᾶκ
787 1041 951 1106 τῶνδ’
986 1044 1089 1106 οὐκ
1119 1045 1445 1124 ἀπειρηκὼς
1475 1047 1676 1125 φίλοις

371 1129 513 1206 ἥκω,
548 1128 615 1190 τὸ
646 1129 757 1190 σόν
784 1153 857 1234 γε
884 1131 1419 1208 προσκοπούμενος,
1448 1132 1638 1209 γύναι,

376 1213 454 1278 ὦς
483 1211 679 1292 μήτ”
651 1211 930 1292 αχρήμων
960 1211 1065 1287 ξὺν
1093 1214 1386 1277 τέκνοισιν
1416 1213 1666 1298 ἐκπέσῃς

373 1295 507 1376 μήτ’
541 1298 737 1373 ἐνδέης
766 1320 888 1359 του.
933 1296 1112 1357 πόλλ’
1146 1295 1460 1406 ἐφέλκεται
1489 1277 1650 1379 φυγὴ

376 1382 523 1443 κακὰ
545 1379 649 1456 ξὺν
678 1382 845 1463 αὐτῇ·
891 1380 986 1442 καὶ
1015 1385 1126 1459 γὰρ
1157 1383 1208 1442 εἰ
1238 1381 1316 1443 σύ
1343 1406 1417 1458 με
1447 1389 1704 1460 στυγεῖς,

377 1465 481 1527 οὐκ
511 1467 585 1527 ἂν
607 1467 885 1541 δυναίμην
914 1464 1014 1525 σοὶ
1046 1469 1230 1530 κακῶς
1261 1472 1506 1544 φρονεῖν
1533 1490 1700 1537 ποτε.

207 1547 414 1613 ΜΗ.
377 1577 422 1611 ω
453 1549 835 1628 παγκάκιστε,
865 1554 1037 1612 τοῦτο
1065 1547 1177 1629 γάρ
1208 1550 1269 1611 ‹r'
1301 1551 1487 1615 εἰπεῖν
1516 1549 1636 1631 ἔχω

377 1635 629 1718 γλώσσῃ
657 1635 937 1714 μέγιστον
965 1636 1048 1699 εἷς
1079 1634 1389 1713 ἀνανδρίαν
1418 1635 1612 1706 κακὸν,

376 1717 554 1797 ἦλθες
583 1718 727 1798 πρὸς
754 1721 919 1798 ἡμᾶς,
954 1718 1150 1796 ἦλθες,
1186 1718 1462 1800 ἔχθιστος
1490 1720 1720 1800 γεγώς·
1700 1769 1720 1798 ,

385 1805 572 1888 [θεοῖς
600 1829 664 1866 τε
694 1804 863 1882 κᾶμοὶ
892 1805 1072 1866 παντί
1094 1804 1147 1864 τ’
1179 1804 1499 1881 ἀνθρώπων
1528 1806 1704 1885 γένει.
1707 1809 1730 1882 ]

378 1890 536 1952 ουτοι
567 1889 783 1968 θράσος
812 1889 932 1951 τόδ’
966 1888 1129 1952 ἐστὶν
1158 1889 1281 1952 οὐδ’
1314 1890 1607 1968 εὐτολμία,

378 1975 591 2051 φίλους
621 1980 804 2038 κακῶς
833 1972 1109 2052 δράσαντ’
1140 1975 1402 2038 ἐναντίον
1429 1973 1698 2051 βλέπειν,

379 2059 517 2120 ἀλλ’
549 2057 586 2133 ἡ
615 2058 861 2135 μεγίστη
894 2065 1009 2120 τῶν
1040 2061 1103 2118 ἐν
1132 2058 1457 2135 ἀνθρώποις
1488 2059 1681 2121 νόσων

380 2145 607 2211 πασῶν,
642 2139 902 2203 ἀναίδει’·
947 2142 1009 2215 εὖ
1040 2142 1092 2200 δ’
1125 2141 1405 2215 ἐποίησας
1432 2143 1650 2217 μολών.

382 2225 498 2304 ἐγῶ
529 2249 594 2286 τε
621 2226 731 2303 γὰρ
759 2222 989 2299 λέξασα
1017 2222 1493 2302 κουφισθήσομαι

381 2306 587 2389 ψυχὴν
618 2313 804 2373 κακῶς
832 2333 904 2370 σε
935 2307 1133 2371 καὶ’;σὺ
1161 2307 1416 2384 λυπήσει
1447 2309 1654 2372 κλύων.

383 2395 447 2455 ἐκ
479 2398 595 2455 τῶν
625 2396 688 2456 δὲ
718 2396 960 2473 πρώτων
987 2397 1218 2472 πρῶτον
1246 2391 1491 2473 ἄρξομαι
1514 2393 1729 2473 λέγειν.

383 2477 587 2543 ἔσωσά
616 2479 696 2556 σ’,
730 2481 806 2544 ὦς
834 2480 1037 2541 ισασιν
1065 2476 1441 2553 Ἑλλήνων
1407 2503 1542 2542 οσοι

382 2562 593 2628 ταυτὸν
621 2562 1054 2640 ξυνεισέβησαν
1082 2560 1345 2648 Ἀργῷον
1375 2564 1624 2644 σκάφος,

383 2647 731 2727 πεμφθέντα
760 2648 986 2727 ταύρων
1013 2652 1324 2727 πυρπνόων
1353 2648 1671 2727 ἐπιστάτην
1809 2712 1817 2721 ,

389 2732 709 2810 ζεύγλαισι,
745 2732 841 2795 καὶ
871 2739 1201 2810 σπεροῦντα
1230 2732 1557 2811 θανάσιμον
1587 2733 1759 2811 γύην·

384 2813 670 2893 δράκοντά
696 2817 771 2885 θ’,
806 2813 870 2879 ὃς
899 2814 1243 2894 πάγχρυσον
1272 2816 1559 2893 ἀμφέπων
1586 2815 1754 2894 δέρας

12 2908 36 2963 Ρ·
385 2899 653 2978 σπείραις
683 2898 868 2973 ἔσωζε
896 2901 1293 2962 πολυπλόκοις
1322 2899 1540 2964 ἄϋπνος
1570 2900 1668 2970 ὢν,

385 2984 644 3047 κτείναο)
677 2984 938 3064 ἀνέσχον
967 2983 1063 3045 σοὶ
1093 2980 1249 3062 φάος
1278 2981 1584 3062 σωτήριον.

385 3068 530 3146 αὐτὴ
562 3072 625 3134 δὲ
653 3068 875 3148 πατέρα
904 3068 1000 3131 καὶ
1028 3069 1239 3147 δόμους
1266 3072 1548 3148 προδοΰσ’
1579 3069 1750 3149 ἐμοὺς

384 3152 492 3231 τὴν
521 3159 827 3232 Πηλιῶτιν
857 3155 940 3218 εἰς
960 3153 1206 3216 Ἰωλκὸν
1238 3155 1443 3232 ἱκόμην

388 3237 492 3314 ξύν
523 3264 638 3309 σοι,
672 3241 965 3318 πρόθυμος
992 3236 1282 3317 μᾶλλον*
1251 3265 1288 3315 η
1321 3236 1654 3318 σοφωτέρα,
1724 3286 1733 3295 ,

390 3324 622 3388 Πελίαν
649 3324 703 3385 τ’
735 3325 1046 3397 ἀπέκτειν’,
1078 3323 1278 3402 ὥσπερ
1309 3325 1596 3409 ἄλγιστον
1626 3328 1843 3396 θανεῖν,

389 3408 614 3471 παίδων
632 3408 729 3470 ὑπ’
762 3409 957 3479 αὐτοῦ,
992 3407 1182 3470 πάντα
1210 3411 1260 3469 δ’
1294 3386 1526 3484 ἐξεῖλον
1554 3411 1774 3489 φόβον.

388 3491 484 3554 καὶ
513 3492 675 3555 ταῦθ’
706 3492 804 3573 ὑφ’
837 3493 1021 3571 ἡμῶν,
1055 3520 1101 3554 ω
1134 3490 1358 3555 κάκιστ’
1393 3494 1638 3572 ἀιδρων,
1667 3492 1869 3557 παθων

389 3576 780 3656 προύδωκας
752 3580 921 3658 ημᾶς,
951 3579 1120 3641 καινὰ
1147 3575 1195 3640 δ’
1229 3574 1456 3653 ἐκτήσω
1484 3576 1655 3658 λέχη,

394 3663 626 3725 παίδων
652 3665 954 3741 γεγώτων·
1001 3667 1052 3727 εἰ
1080 3664 1192 3743 γὰρ
1221 3660 1359 3739 ἦσθ’
1391 3662 1566 3728 ἄπαις
1595 3662 1704 3732 ἔτι,

2111 315 2178 362 96

2072 807 2174 854 455

2073 1225 2175 1277 460

2075 1560 2174 1611 465

2074 1980 2177 2039 470

2077 2404 2179 2461 475
2263 2466 2271 2471 ,

2081 2832 2184 2878 480

2083 3251 2183 3300 485
