2492 4092
264 264 332 316 20
1099 270 1420 313 E'rpmmor

265 406 396 467 ΕΚ.
427 404 577 467 ἴδιον
606 403 854 483 ἐμαυτῆς
885 401 954 480 δή
986 429 1045 466 τι
1074 404 1219 483 πρὸς
1251 405 1323 466 σὲ
1350 405 1650 483 βούλομαι

436 489 531 550 καὶ
559 493 769 555 παῖδας
799 492 986 552 εἰπεῖν
1015 488 1174 554 σούς·
1223 487 1480 554 ὀπάονας
1510 489 1574 551 δέ
1601 515 1706 569 μοι

434 574 614 654 χωρὶς
645 571 928 638 κέλευσον
956 571 1119 637 τῶνδ’
1153 574 1484 653 ἀποστῆναι
1514 576 1726 652 δόμων.

264 662 587 723 ΠΟΛΎΜ.
632 656 891 738 χωρεῖτ’·
934 658 1001 721 ἐν
1031 659 1302 740 ἀσφαλεῖ
1325 661 1437 740 γὰρ
1466 657 1553 737 ἥδ’
1592 661 1817 739 ἐρημία.

435 742 585 823 φίλη
615 744 725 821 μὲν
755 743 812 808 εἴ
837 744 932 822 σὺ,
963 745 1297 825 προσφιλὲς
1320 743 1385 806 δέ
1409 770 1512 823 μοι
1535 745 1670 808 τόδε

433 825 738 909 στράτευμ’
770 825 1055 910 Ἀχαιῶν.
1143 831 1302 892 ἀλλα
1331 830 1639 907 σημαίνειν
1669 853 1742 892 σε
1769 826 1884 912 χρὴ

441 912 504 973 τί
527 936 642 992 χρη
672 913 776 977 τὸν
806 914 868 978 εὖ
898 911 1246 992 πράσσοντα
1274 940 1353 994 μη
1384 913 1760 993 πράσσουσιν
1792 913 1857 978 εὖ

435 997 638 1076 φίλοις
669 997 963 1077 ἐπαρκεῖν·
1009 998 1088 1064 ῶς
1118 999 1351 1077 ἕτοιμός
1382 996 1490 1077 εἰμ’
1526 999 1663 1079 ἐγώ.

264 1084 395 1145 ΕΚ.
426 1087 660 1162 πρῶτον
684 1082 795 1160 μὲν
824 1083 953 1148 εἰπὲ
980 1080 1135 1144 παῖδ’
1170 1082 1235 1146 ὃν
1266 1081 1388 1160 ἐξ’
1363 1085 1503 1161 εμῆς
1532 1083 1707 1192 χερὸς

441 1165 805 1246 Πολύδωρον
834 1166 899 1230 ἔκ
923 1192 989 1231 τε
1017 1167 1238 1248 πατρὸς
1269 1169 1332 1233 ἐν
1362 1167 1623 1246 δόμοις”
1591 1191 1769 1250 εχεις,

436 1254 488 1314 εἰ
520 1251 609 1336 ζῆ·
651 1255 726 1316 τὰ
753 1249 800 1313 δ’
834 1254 994 1316 ἄλλα
1023 1253 1292 1334 δεύτερόν
1315 1257 1372 1315 σ’
1400 1250 1705 1334 ἐρήσομαι.

263 1314 589 1401 ΠΟΛΎΜ.
630 1338 915 1415 μάλιστα.
961 1337 1256 1402 τούκείνου
1286 1339 1395 1418 μὲν
1425 1340 1687 1420 εὐτυχεῖς
1716 1334 1908 1416 μέρος.

242 1426 392 1485 .ΕΚ.
428 1448 473 1483 ω
506 1423 762 1502 φίλταθ’,
800 1422 876 1487 ὦς
906 1422 970 1486 ευ
1000 1421 1211 1499 κᾶξίως
1243 1423 1421 1488 σέθεν
1448 1423 1666 1504 λέγεις.

262 1509 580 1571 ΠΟΛΎΜ.
623 1509 686 1570 τί
710 1511 856 1585 δῆτα
881 1508 1096 1587 βούλει
1125 1510 1397 1587 δεύτερον
1423 1512 1632 1585 μαθεῖν
1662 1508 1841 1583 ἐμοῦ·
1823 1557 1841 1582 ,

263 1596 395 1654 ΕΚ.
428 1595 481 1654 εἰ
509 1592 613 1667 τῆς
642 1591 925 1669 τεκούσης
954 1594 1137 1668 τῆσδε
1162 1590 1454 1671 μέμνηταί
1479 1592 1539 1654 τί
1562 1615 1693 1670 μου.

262 1678 584 1740 ΠΟΛΤΜ.
631 1675 725 1736 καὶ
749 1675 919 1751 δεῦρό
944 1673 999 1756 ,γ’
1036 1677 1111 1740 ὣς
1143 1677 1214 1738 σὲ
1245 1677 1490 1755 κρύφιος
1520 1672 1708 1751 ἐζήτει
1736 1675 1962 1751 μολεῖν.

254 1764 400 1833 ΕΚ.
443 1757 669 1839 χρυσὸς
699 1761 763 1822 δὲ
793 1763 932 1828 σῶς,
968 1760 1033 1822 ὃν
1060 1759 1244 1836 ἦλθεν
1274 1760 1338 1822 ἐκ
1367 1761 1585 1839 Τροίας
1615 1758 1804 1837 ἔχων,
1790 1782 1804 1795 ·

260 1847 580 1911 ΠΟΛΎΜ.
630 1848 767 1914 σῶς,
803 1843 867 1905 ἐν
896 1843 1096 1921 δόμοις
1122 1868 1195 1923 γε
1222 1849 1346 1909 τοῖς
1374 1845 1535 1923 ἐμοῖς
1565 1842 2018 1924 φρουρούμενος.

262 1932 390 1993 ΕΚ.
443 1928 644 1990 σῶσόν
672 1951 775 1992 νυν
804 1927 997 1999 αὐτὸν,
1029 1926 1230 2007 μηδ”
1198 1954 1303 2009 ερα
1330 1934 1448 1992 τῶν
1476 1927 1753 2006 πλησίον.

262 2017 583 2079 ΠΟΛΎΜ.
627 2010 838 2091 ἥκιστ’·
885 2014 1131 2093 ὀναίμην
1157 2019 1262 2077 τοῦ
1291 2017 1598 2126 παρόντος,
1633 2011 1679 2075 ὠ
1709 2016 1897 2094 γύναι.

260 2103 393 2163 ΕΚ.
444 2097 595 2162 οἶσθ’
628 2098 732 2162 ουν
761 2097 800 2160 ἅ
825 2096 997 2175 λέξαι
1027 2100 1130 2164 σοί
1154 2125 1220 2166 τε
1250 2094 1345 2163 και
1374 2099 1580 2163 παισὶν
1611 2099 1810 2177 θέλω;

261 2189 587 2251 ΠΟΛΎΜ.
632 2184 734 2248 οὐκ
765 2183 1041 2292 οἶδα·τῷ
1075 2187 1164 2269 σῷ
1195 2190 1368 2248 τοῦτο
1400 2189 1681 2265 σημανεῖς
1708 2185 1892 2269 λόγῳ.

261 2273 402 2335 ΕΚ.
447 2271 601 2334 ἔστω
632 2269 966 2349 φιληθεὶς”
935 2295 1012 2335 ως
1042 2270 1119 2334 σὺ
1147 2275 1253 2334 νῦν
1280 2271 1411 2348 ἐμοὶ
1444 2275 1630 2349 φιλεῖ,

267 2358 587 2418 ΠΟΛΎΜ.
632 2357 696 2417 τί
717 2352 914 2434 χρῆμ’,
945 2353 978 2417 ὃ
1008 2356 1153 2434 κάμὲ
1182 2356 1277 2418 καὶ
1306 2355 1459 2419 τέκν’
1493 2354 1704 2419 εἰδέναι
1732 2354 1963 2435 χρεών·
1947 2406 1965 2431 ,

216 2484 220 2488 -
265 2443 399 2503 ΕΚ.
445 2444 671 2519 χρυσοῦ
700 2439 945 2501 παλαιαὶ
975 2444 1318 2519 Πριαμιδῶν
1347 2441 1698 2520 κατώρυχες.

268 2527 589 2588 ΠΟΛΤΜ.
633 2525 795 2585 ταῦτ’
827 2522 955 2586 ἔσθ’
988 2523 1027 2585 ἆ
1052 2526 1268 2602 βούλει
1295 2525 1457 2589 παιδὶ
1488 2527 1744 2602 σημῆναι
1774 2525 1986 2603 σέθεν,

262 2613 400 2673 ΕΚ.
446 2608 731 2686 μάλιστα,
761 2611 857 2671 διὰ
886 2613 998 2670 σοῦ
1028 2608 1109 2689 γ’·
1152 2609 1209 2673 εἶ
1232 2612 1344 2691 γὰρ
1376 2608 1628 2687 εὐσεβὴς
1659 2606 1822 2687 ἀνήρ.

268 2697 589 2758 ΠΟΛΎΜ.
638 2696 702 2757 τί
727 2696 872 2769 δῆτα
905 2692 1119 2757 τέκνων
1147 2699 1329 2759 τῶνδε
1360 2700 1454 2760 δεῖ
1477 2693 1842 2773 παρουσίας;

262 2783 396 2843 ΕΚ.
448 2778 704 2857 ἄμεινον,
733 2776 807 2854 ἢν
835 2780 913 2843 σὺ
942 2778 1245 2864 κατθάνῃς,
1295 2777 1489 2843 τούσδ’
1526 2779 1757 2845 εἰδέναι.

265 2868 587 2929 ΠΟΛΎΜ.
638 2870 830 2929 καλῶς
861 2863 1074 2942 ἔλεξας
1102 2842 1241 2948 τῇδε
1272 2865 1365 2927 καὶ
1396 2866 1760 2973 σοφώτερον.

263 2953 394 3013 ΕΚ.
445 2946 597 3010 οἶσθ’
635 2950 739 3013 ουν
764 2949 1023 3013 Ἀθάνας
1051 2926 1295 3015 Ἰλίας”
1271 2975 1364 3015 ινα
1395 2950 1640 3030 στέγαις

262 3036 584 3100 ΠΟΛΤΜ.
631 3031 854 3095 ἐνταῦθ’
888 3034 922 3094 ὁ
950 3035 1172 3115 χρυσός
1202 3036 1372 3113 ἐστι,
1420 3038 1664 3113 σημεῖον
1693 3036 1757 3097 δὲ
1784 3035 1883 3112 τίς

266 3123 395 3184 ΕΚ.
440 3115 694 3196 μέλαινα
721 3117 903 3198 πέτρα
931 3122 1039 3198 γῆς
1059 3116 1479 3200 ὑπερτέλλουσ’
1515 3118 1658 3182 ἄνω.

263 3205 588 3268 ΠΟΛΤΜ.
634 3200 711 3267 ἔτ’
745 3202 848 3265 ουν
875 3230 933 3269 τι
959 3204 1174 3282 βούλει
1203 3210 1322 3270 τῶν
1351 3206 1476 3267 ἐκεῖ
1501 3202 1746 3285 φράζειν
1776 3199 1951 3283 ἐμοῖς

262 3292 404 3354 ΕΚ.
451 3288 651 3351 σῶσαί
676 3312 748 3351 σε
776 3286 1023 3369 χρήμαθ’
1056 3290 1146 3355 οἷς
1177 3289 1543 3367 συνεξῆλθον
1574 3288 1751 3351 θέλω.

265 3377 590 3440 ΠΟΛΎΜ.
634 3376 745 3434 ποῦ
776 3375 939 3452 δῆτα,
968 3372 1213 3440 πέπλων
1241 3372 1465 3442 ἐντὸς
1432 3399 1470 3450 η
1502 3369 1755 3456 κρύψασ’
1789 3371 1986 3453 ἔχεις;

174 3470 177 3473 ’
266 3463 400 3524 ΕΚ.
446 3458 683 3523 σκύλων
713 3457 777 3519 ἐν
806 3459 970 3541 ὄχλῳ
1002 3463 1208 3523 ταῖσδε
1238 3458 1488 3534 σώζεται
1517 3457 1773 3536 στέγαις.

265 3547 587 3609 ΠΟΛΎΜ.
631 3547 746 3605 ποῦ
775 3542 868 3621 δ’;
912 3540 1023 3605 αἵδ’
1055 3541 1323 3624 Ἀχαιῶν
1352 3541 1636 3623 ναύλοχοι
1665 3543 2035 3625 περιπτυχαί.

266 3630 400 3694 ΕΚ.
443 3630 586 3696 ἴδιαι
618 3593 911 3710 γυναικῶν
940 3628 1393 3710 αἰχμαλωτίδων
1423 3627 1645 3709 στέγαι.

2138 591 2246 643 930

2031 1082 2038 1089 ,
2141 1015 2245 1068 985

2136 1435 2244 1488 990

2136 1858 2243 1914 99⁵

2108 2284 2245 2353 1000

2054 2760 2062 2767 ‚
2103 2708 2243 2758 1005

2004 3112 2020 3129 ‘
2109 3133 2243 3181 1010

2114 3557 2241 3607 1015
