2492 4092
1178 327 1395 371 ΕΚΑΒΗ.
2220 318 2283 373 31

463 459 677 524 ἅπαντ’
706 461 954 539 ἐρευνῶν
981 463 1206 540 τοῖχον,
1241 457 1321 523 ὡς
1352 458 1691 537 κυνηγέτης,

460 544 735 623 βάλλων,
765 545 1064 624 ἀράσσων.
1112 544 1314 606 τοιάδε
1343 544 1613 607 σπεύδων
1640 540 1820 625 χάριν
2149 549 2284 611 1175

459 630 729 693 πέπονθα
756 629 863 706 τὴν
890 628 1027 707 σὴν,
1056 628 1343 707 πολέμιόν
1369 653 1435 691 τε
1465 627 1575 693 σὸν
1605 626 1848 700 κτανών,

459 713 855 796 Ἀγάμεμνον.
906 714 983 781 ὡς
1013 715 1078 775 δὲ
1104 713 1186 792 μὴ
1215 713 1470 795 μακροὺς
1497 716 1667 777 τείνω
1698 716 1937 796 λόγους,

460 802 520 862 εἴ
544 824 633 865 τις
661 804 937 879 γυναῖκας
966 803 1083 863 τῶν
1109 800 1246 877 πρὶν
1276 800 1502 878 εἴρηκεν
1532 803 1738 878 κακῶς,

461 882 499 959 ἢ
530 890 636 950 νῦν
661 883 856 965 λέγων
870 885 970 949 ’τίς
1000 885 1183 954 ἐστιν,
1216 882 1254 960 ἢ
1282 883 1493 961 μέλλει
1521 883 1743 964 λέγειν,

460 968 689 1033 ἅπαντα
716 975 899 1032 ταῦτα
928 966 1232 1049 συντεμῶν
1264 966 1378 1049 ἐγώ
1412 967 1647 1049 φράσω·
2148 981 2284 1031 1180

460 1055 629 1133 γένος
658 1056 771 1136 γὰρ
801 1056 936 1118 οὔτε
964 1055 1178 1120 πόντος
1203 1056 1337 1118 οὔτε
1365 1056 1440 1133 γῆ
1472 1053 1678 1135 τρέφει

458 1139 697 1202 τοιόνδ’·
743 1142 774 1201 ὁ
804 1139 856 1202 δ’
890 1139 980 1202 ἀεὶ
1012 1137 1315 1220 ξυντυχῶν
1344 1139 1671 1203 ἐπίσταται.

295 1229 426 1290 XO.
455 1226 639 1304 μηδὲν
669 1225 980 1303 θρασύνου,
1011 1228 1158 1302 μηδὲ
1190 1229 1314 1290 τοῖς
1343 1230 1562 1287 σαυτοῦ
1594 1228 1790 1290 κακοῖς

461 1308 528 1369 τὸ
559 1312 707 1387 θῆλυ
739 1308 971 1372 συνθεὶς
1000 1310 1112 1370 ὧδε
1141 1311 1260 1371 πᾶν
1286 1309 1495 1392 μέμψῃ
1524 1307 1715 1388 γένος·
1995 1344 2012 1365 .

460 1394 684 1454 πολλαὶ
713 1394 824 1472 γὰρ
854 1393 1016 1470 ἡμῶν
1046 1394 1106 1454 αἱ
1136 1394 1246 1469 μὲν
1276 1394 1386 1454 εἴσ’
1417 1393 1748 1471 ἐπίφθονοι,
2022 1419 2027 1425 ·
2148 1402 2281 1457 1185

462 1479 524 1539 αἱ
554 1476 605 1538 δ’
640 1478 723 1541 εἷς
755 1476 1001 1558 ἀριθμὸν
1030 1481 1146 1538 τῶν
1177 1483 1365 1539 κακῶν
1394 1479 1758 1555 πεφύκαμεν.
1988 1488 1991 1492 ’

295 1568 421 1628 ΕΚ.
453 1561 849 1642 Ἀγάμεμνον,
881 1562 1281 1642 ἀνθρώποισιν
1310 1561 1413 1624 οὐκ
1448 1562 1627 1643 ἐχρῆν
1656 1561 1799 1622 πον*

456 1653 574 1709 τῶν
601 1645 958 1728 πραγμάτων
983 1646 1092 1724 τὴν
1118 1654 1409 1727 γλῶσσαν
1432 1646 1662 1728 ἰσχύειν
1689 1668 1887 1709 πλεον.

447 1729 582 1796 ἀλλ’
617 1735 737 1796 εἴτε
764 1730 978 1814 χρήστ’
1011 1732 1243 1813 ἔδρασε,
1278 1730 1489 1812 χρήστ’
1519 1731 1636 1795 ἔδει
1664 1729 1888 1811 λέγειν,

460 1818 568 1882 εἴτ’
600 1817 672 1879 αὖ
701 1819 946 1899 πονηρὰ,
976 1818 1112 1883 τοὺς
1141 1818 1360 1898 λόγους
1390 1816 1538 1882 εἶναι
1569 1817 1841 1896 σαθροὺς,
2141 1828 2282 1884 1190

459 1903 555 1965 καὶ
582 1902 663 1981 μὴ
694 1903 976 1966 δύνασθαι
1006 1904 1189 1967 τᾶδικ’
1224 1904 1288 1967 εὖ
1316 1902 1514 1983 λέγειν
1543 1903 1710 1966 ποτέ.

459 1988 644 2067 σοφοὶ
671 1991 781 2066 μὲν
809 1988 912 2051 οὖν
944 1986 1054 2052 elo-⁹
1087 1991 1143 2049 οἱ
1172 1986 1295 2049 τάδ’
1326 1986 1739 2068 ἠκριβωκότες,

458 2071 597 2134 ἀλλ’
629 2074 699 2135 οὗ
722 2073 974 2135 δύναιντ’
1006 2071 1079 2137 ἂν
1108 2074 1203 2136 διὰ
1230 2072 1437 2141 τέλους
1468 2072 1618 2135 εἶναι
1648 2070 1852 2152 σοφοὶ,

460 2159 648 2220 κακῶς
678 2156 730 2218 δ’
762 2156 1079 2218 ἀπώλοντ’·
1123 2159 1279 2220 οὔτις
1310 2154 1556 2233 ἐξήλυξέ
1582 2182 1694 2219 πω.

462 2239 557 2302 καὶ
584 2264 685 2318 μοι
707 2239 776 2303 τὸ
803 2244 914 2318 μὲν
942 2240 1052 2305 σὸν
1081 2242 1193 2304 ὧδε
1222 2242 1520 2320 φροιμίοις
1551 2240 1700 2320 ἔχει·
2147 2251 2278 2304 1195

457 2324 605 2404 πρὸς
621 2325 813 2389 τόνδε
820 2330 870 2388 δ’
904 2350 1042 2404 ειμι,
1073 2327 1167 2387 καὶ
1195 2326 1402 2407 λόγοις
1431 2325 1778 2405 ἀμείψομαι,

457 2410 520 2475 ὃς
551 2408 669 2496 φῂς
701 2413 960 2492 Ἀχαιῶν
988 2414 1170 2476 πόνον
1199 2409 1614 2474 ἀπαλλάσσων
1644 2412 1892 2473 διπλοῦν

459 2473 900 2576 Ἀγάμέμνονός
930 2496 1048 2559 θ’“
1016 2521 1176 2559 εκατι
1206 2494 1365 2559 παῖδ’
1398 2495 1539 2577 ἐμὸν
1569 2500 1819 2560 κτανεῖν.

457 2581 620 2657 ἀλλ’,
652 2607 698 2642 ω
729 2581 988 2661 κάκιστε,
1020 2587 1252 2662 πρῶτον
1281 2583 1479 2645 οὔποτ’
1512 2578 1584 2644 ἂν
1613 2583 1796 2662 φίλον

456 2664 528 2726 τὸ
556 2664 870 2747 βάρβαρον
897 2666 1111 2747 γένοιτ’
1146 2667 1266 2732 ἂν“
1270 2673 1546 2744 Ελλησιν
1574 2666 1765 2748 γένος,
2139 2677 2276 2726 1200

458 2749 583 2810 οὔτ’
616 2749 689 2811 ἂν
718 2752 970 2815 δύναιτο.
1013 2752 1143 2813 τίνα
1171 2753 1237 2812 δὲ
1268 2754 1361 2814 καὶ
1394 2753 1663 2814 σπεύδων
1690 2748 1867 2834 χάριν

461 2833 755 2912 πρόθυμος
784 2833 981 2911 ἧσθα;
1027 2837 1247 2915 πότερα
1279 2835 1576 2913 κηδεύσων
1604 2839 1756 2911 τινὰ,

447 2915 488 2993 ἢ
520 2915 866 2998 ξυγγενης
832 2943 932 2990 ων,
965 2917 1002 2996 ἢ
1032 2919 1140 2984 τίν’
1171 2921 1364 2982 αἰτίαν
1393 2919 1585 3000 ἔχων;

458 3001 497 3079 ἢ
522 3005 633 3081 σῆς
662 3003 917 3082 ἔμελλον
942 3008 1050 3083 γῆς
1079 3011 1279 3082 τεμεῖν
1305 3002 1705 3084 βλαστήματα

458 3090 828 3154 πλεύσαντες
850 3089 1049 3167 αὖθις,
1035 3114 1048 3128 ·
1095 3091 1226 3152 τίνα
1258 3094 1446 3155 δοκεῖς
1474 3090 1705 3153 πείσειν
1733 3087 1910 3166 τάδε;
2141 3099 2271 3151 1205

459 3174 497 3234 ὁ
525 3172 765 3256 χρυσὸς,
798 3199 850 3237 ει
877 3174 1128 3252 βούλοιο
1157 3175 1385 3252 τᾶληθῆ
1415 3173 1487 3237 λέ
1486 3199 1632 3257 γ,ειν

457 3257 682 3322 ἔκτεινε
709 3260 812 3321 τὸν
841 3258 982 3338 ἐμὸν
1004 3264 1185 3322 παῖδα
1215 3262 1311 3322 καὶ
1342 3259 1510 3366 κέρδη
1541 3261 1614 3322 τᾶ
1645 3258 1741 3321 σά.

462 3342 591 3407 ἐπεὶ
622 3341 858 3419 δίδαξον
886 3349 1077 3406 τοῦτο·
1124 3350 1265 3415 πῶς,
1301 3342 1388 3407 ὅτ’
1415 3345 1654 3426 ηὐτύχει

459 3429 664 3506 Τροία,
695 3427 870 3507 πέριξ
895 3430 959 3491 δὲ
987 3428 1206 3508 πύργος
1239 3426 1353 3511 εἶχ’
1379 3428 1464 3493 ἔτι
1494 3431 1723 3501 πτόλιν,
2041 3466 2046 3473 ·

459 3511 561 3588 ἔζη
592 3536 657 3575 τε
684 3513 972 3592 Πρίαμος,
993 3512 1285 3593 ’Έκτορός
1313 3519 1364 3575 τ’
1391 3514 1556 3591 ἤνθει
1586 3515 1742 3594 δόρυ,
2141 3524 2279 3577 1210

459 3594 524 3657 τί
550 3599 600 3658 δ’
633 3599 703 3661 οὗ
731 3599 873 3677 τότ’,
906 3600 1068 3679 εἴπερ
1098 3599 1233 3683 τῷδ’
1265 3600 1597 3679 ἐβουλήθης
1626 3599 1801 3680 χάριν
