<?xml version="1.0" encoding="UTF-8"?>
<!DOCTYPE html PUBLIC "-//W3C//DTD XHTML 1.0 Transitional//EN"
    "http://www.w3.org/TR/xhtml1/DTD/xhtml1-transitional.dtd">
<html xmlns="http://www.w3.org/1999/xhtml" xml:lang="en" lang="en">
 <head>
  <title>
</title>
<meta http-equiv="Content-Type" content="text/html;charset=utf-8" />
  <meta name='ocr-system' content='tesseract 3.04.00' />
  <meta name='ocr-capabilities' content='ocr_page ocr_carea ocr_par ocr_line ocrx_word'/>
</head>
<body>
  <div class='ocr_page' id='page_1' title='image "./hecubaandmedeae00unkngoog_0027.png"; bbox 0 0 2492 4092; ppageno 0'>
   <div class='ocr_carea' id='block_1_1' title="bbox 1142 328 1353 369">
    <p class='ocr_par' dir='ltr' id='par_1_1' title="bbox 1142 328 1353 369">
     <span class='ocr_line' id='line_1_1' title="bbox 1142 328 1353 369; baseline 0 0"><span class='ocrx_word' id='word_1_1' title='bbox 1142 328 1353 369; x_wconf 74' lang='grc' dir='ltr'><strong>ΕΚΑΒΗ</strong></span> 
     </span>
    </p>
   </div>
   <div class='ocr_carea' id='block_1_2' title="bbox 421 459 1890 3330">
    <p class='ocr_par' dir='ltr' id='par_1_2' title="bbox 433 459 1824 796">
     <span class='ocr_line' id='line_1_2' title="bbox 438 459 1748 544; baseline -0.002 -22"><span class='ocrx_word' id='word_1_2' title='bbox 438 463 653 538; x_wconf 79' lang='grc' dir='ltr'>νεκρῶν</span> <span class='ocrx_word' id='word_1_3' title='bbox 682 459 964 541; x_wconf 79' lang='grc' dir='ltr'>ἀγωγούς·</span> <span class='ocrx_word' id='word_1_4' title='bbox 1014 460 1148 521; x_wconf 84' lang='grc' dir='ltr'>ἐλθὲ</span> <span class='ocrx_word' id='word_1_5' title='bbox 1180 463 1251 531; x_wconf 86' lang='grc' dir='ltr'>δ’,</span> <span class='ocrx_word' id='word_1_6' title='bbox 1289 465 1365 524; x_wconf 87' lang='grc' dir='ltr'>ὣς</span> <span class='ocrx_word' id='word_1_7' title='bbox 1396 459 1530 544; x_wconf 85' lang='grc' dir='ltr'>πίῃς</span> <span class='ocrx_word' id='word_1_8' title='bbox 1557 459 1748 538; x_wconf 83' lang='grc' dir='ltr'>μέλαν</span> 
     </span>
     <span class='ocr_line' id='line_1_3' title="bbox 437 521 1693 624; baseline -0.001 -18"><span class='ocrx_word' id='word_1_9' title='bbox 437 547 608 624; x_wconf 85' lang='grc' dir='ltr'>κόρης</span> <span class='ocrx_word' id='word_1_10' title='bbox 639 544 954 624; x_wconf 80' lang='grc' dir='ltr'>ἆκραῖφνὲς</span> <span class='ocrx_word' id='word_1_11' title='bbox 985 546 1125 623; x_wconf 76' lang='grc' dir='ltr'>αἷμ’,</span> <span class='ocrx_word' id='word_1_12' title='bbox 1160 546 1195 606; x_wconf 82' lang='grc' dir='ltr'>ὅ</span> <span class='ocrx_word' id='word_1_13' title='bbox 1224 568 1324 607; x_wconf 93' lang='grc' dir='ltr'>σοι</span> <span class='ocrx_word' id='word_1_14' title='bbox 1354 521 1693 624; x_wconf 85' lang='grc' dir='ltr'>δωρούμεθα</span> 
     </span>
     <span class='ocr_line' id='line_1_4' title="bbox 433 628 1824 708; baseline 0.001 -19"><span class='ocrx_word' id='word_1_15' title='bbox 433 630 683 707; x_wconf 81' lang='grc' dir='ltr'>στρατός</span> <span class='ocrx_word' id='word_1_16' title='bbox 710 653 775 691; x_wconf 92' lang='grc' dir='ltr'>τε</span> <span class='ocrx_word' id='word_1_17' title='bbox 806 628 983 708; x_wconf 82' lang='grc' dir='ltr'>κᾶγῶ·</span> <span class='ocrx_word' id='word_1_18' title='bbox 1029 629 1352 707; x_wconf 81' lang='grc' dir='ltr'>πρευμενὴς</span> <span class='ocrx_word' id='word_1_19' title='bbox 1380 632 1430 689; x_wconf 84' lang='grc' dir='ltr'>δ’</span> <span class='ocrx_word' id='word_1_20' title='bbox 1461 630 1600 708; x_wconf 81' lang='grc' dir='ltr'>ἡμῖν</span> <span class='ocrx_word' id='word_1_21' title='bbox 1627 633 1824 708; x_wconf 82' lang='grc' dir='ltr'>γενοῦ,</span> 
     </span>
     <span class='ocr_line' id='line_1_5' title="bbox 433 711 1552 796; baseline 0.002 -23"><span class='ocrx_word' id='word_1_22' title='bbox 433 714 621 777; x_wconf 88' lang='grc' dir='ltr'>λῦσαί</span> <span class='ocrx_word' id='word_1_23' title='bbox 644 738 709 775; x_wconf 92' lang='grc' dir='ltr'>τε</span> <span class='ocrx_word' id='word_1_24' title='bbox 736 712 996 793; x_wconf 79' lang='grc' dir='ltr'>πρύμνας</span> <span class='ocrx_word' id='word_1_25' title='bbox 1028 715 1122 776; x_wconf 90' lang='grc' dir='ltr'>καὶ</span> <span class='ocrx_word' id='word_1_26' title='bbox 1149 711 1552 796; x_wconf 78' lang='grc' dir='ltr'>χαλινωτήρια</span> 
     </span>
    </p>

    <p class='ocr_par' dir='ltr' id='par_1_3' title="bbox 431 796 1852 1302">
     <span class='ocr_line' id='line_1_6' title="bbox 434 796 1706 876; baseline -0.003 -14"><span class='ocrx_word' id='word_1_27' title='bbox 434 803 582 862; x_wconf 86' lang='grc' dir='ltr'>νεῶν</span> <span class='ocrx_word' id='word_1_28' title='bbox 613 797 710 862; x_wconf 84' lang='grc' dir='ltr'>δὸς</span> <span class='ocrx_word' id='word_1_29' title='bbox 738 796 894 876; x_wconf 85' lang='grc' dir='ltr'>ἡμῖν,</span> <span class='ocrx_word' id='word_1_30' title='bbox 927 805 1279 876; x_wconf 84' lang='grc' dir='ltr'>πρευμενοῦς</span> <span class='ocrx_word' id='word_1_31' title='bbox 1309 802 1358 860; x_wconf 91' lang='grc' dir='ltr'>τ’</span> <span class='ocrx_word' id='word_1_32' title='bbox 1391 797 1490 863; x_wconf 82' lang='grc' dir='ltr'>ἀπ’</span> <span class='ocrx_word' id='word_1_33' title='bbox 1525 800 1706 859; x_wconf 83' lang='grc' dir='ltr'>Ἰλίου</span> 
     </span>
     <span class='ocr_line' id='line_1_7' title="bbox 431 880 1793 963; baseline -0.003 -16"><span class='ocrx_word' id='word_1_34' title='bbox 431 881 645 947; x_wconf 85' lang='grc' dir='ltr'>νόστου</span> <span class='ocrx_word' id='word_1_35' title='bbox 675 885 957 963; x_wconf 84' lang='grc' dir='ltr'>τυχόντας</span> <span class='ocrx_word' id='word_1_36' title='bbox 987 881 1205 950; x_wconf 83' lang='grc' dir='ltr'>πάντας</span> <span class='ocrx_word' id='word_1_37' title='bbox 1236 884 1297 948; x_wconf 88' lang='grc' dir='ltr'>ἐς</span> <span class='ocrx_word' id='word_1_38' title='bbox 1318 880 1543 963; x_wconf 80' lang='grc' dir='ltr'>πάτραν</span> <span class='ocrx_word' id='word_1_39' title='bbox 1570 887 1793 961; x_wconf 90' lang='grc' dir='ltr'>μολεῖν.</span> 
     </span>
     <span class='ocr_line' id='line_1_8' title="bbox 431 962 1762 1046; baseline 0.002 -17"><span class='ocrx_word' id='word_1_40' title='bbox 431 962 672 1029; x_wconf 70' lang='grc' dir='ltr'>τοσαῦτ’</span> <span class='ocrx_word' id='word_1_41' title='bbox 704 966 890 1043; x_wconf 77' lang='grc' dir='ltr'>ἔλεξε,</span> <span class='ocrx_word' id='word_1_42' title='bbox 923 971 1036 1032; x_wconf 81' lang='grc' dir='ltr'>πᾶς</span> <span class='ocrx_word' id='word_1_43' title='bbox 1067 969 1119 1030; x_wconf 82' lang='grc' dir='ltr'>δ’</span> <span class='ocrx_word' id='word_1_44' title='bbox 1150 965 1442 1044; x_wconf 78' lang='grc' dir='ltr'>ἐπηύξατο</span> <span class='ocrx_word' id='word_1_45' title='bbox 1472 967 1762 1046; x_wconf 88' lang='grc' dir='ltr'>στρατός.</span> 
     </span>
     <span class='ocr_line' id='line_1_9' title="bbox 435 1050 1767 1132; baseline 0.002 -21"><span class='ocrx_word' id='word_1_46' title='bbox 435 1050 541 1112; x_wconf 71' lang='grc' dir='ltr'>εἶτ’</span> <span class='ocrx_word' id='word_1_47' title='bbox 573 1053 959 1132; x_wconf 83' lang='grc' dir='ltr'>ἆμφίχρυσον</span> <span class='ocrx_word' id='word_1_48' title='bbox 988 1055 1306 1132; x_wconf 87' lang='grc' dir='ltr'>φάσγανον</span> <span class='ocrx_word' id='word_1_49' title='bbox 1335 1053 1530 1129; x_wconf 81' lang='grc' dir='ltr'>κώπης</span> <span class='ocrx_word' id='word_1_50' title='bbox 1558 1054 1767 1131; x_wconf 82' lang='grc' dir='ltr'>λαβὼν</span> 
     </span>
     <span class='ocr_line' id='line_1_10' title="bbox 432 1134 1853 1218; baseline -0.001 -20"><span class='ocrx_word' id='word_1_51' title='bbox 432 1134 658 1212; x_wconf 81' lang='grc' dir='ltr'>ἐξεῖλκε</span> <span class='ocrx_word' id='word_1_52' title='bbox 688 1143 916 1214; x_wconf 89' lang='grc' dir='ltr'>κολεοῦ,</span> <span class='ocrx_word' id='word_1_53' title='bbox 945 1137 1165 1216; x_wconf 83' lang='grc' dir='ltr'>λογάσι</span> <span class='ocrx_word' id='word_1_54' title='bbox 1195 1141 1247 1201; x_wconf 77' lang='grc' dir='ltr'>δ’</span> <span class='ocrx_word' id='word_1_55' title='bbox 1280 1139 1570 1218; x_wconf 82' lang='grc' dir='ltr'>Ἀργείων</span> <span class='ocrx_word' id='word_1_56' title='bbox 1599 1139 1853 1217; x_wconf 88' lang='grc' dir='ltr'>στρατοῦ</span> 
     </span>
     <span class='ocr_line' id='line_1_11' title="bbox 432 1222 1490 1302; baseline 0.003 -18"><span class='ocrx_word' id='word_1_57' title='bbox 432 1225 684 1285; x_wconf 86' lang='grc' dir='ltr'>νεανίαις</span> <span class='ocrx_word' id='word_1_58' title='bbox 715 1223 915 1285; x_wconf 87' lang='grc' dir='ltr'>ἔνευσε</span> <span class='ocrx_word' id='word_1_59' title='bbox 943 1222 1230 1302; x_wconf 90' lang='grc' dir='ltr'>παρθένον</span> <span class='ocrx_word' id='word_1_60' title='bbox 1257 1229 1490 1299; x_wconf 85' lang='grc' dir='ltr'>λαβεῖν.</span> 
     </span>
    </p>

    <p class='ocr_par' dir='ltr' id='par_1_4' title="bbox 432 1304 1745 1386">
     <span class='ocr_line' id='line_1_12' title="bbox 432 1304 1745 1386; baseline 0.002 -20"><span class='ocrx_word' id='word_1_61' title='bbox 432 1306 469 1381; x_wconf 88' lang='grc' dir='ltr'>ἡ</span> <span class='ocrx_word' id='word_1_62' title='bbox 494 1306 567 1376; x_wconf 85' lang='grc' dir='ltr'>δ’,</span> <span class='ocrx_word' id='word_1_63' title='bbox 605 1305 681 1369; x_wconf 86' lang='grc' dir='ltr'>ὧς</span> <span class='ocrx_word' id='word_1_64' title='bbox 711 1304 1007 1383; x_wconf 80' lang='grc' dir='ltr'>ἐφράσθη,</span> <span class='ocrx_word' id='word_1_65' title='bbox 1033 1307 1189 1368; x_wconf 85' lang='grc' dir='ltr'>τόνδ’</span> <span class='ocrx_word' id='word_1_66' title='bbox 1221 1305 1512 1384; x_wconf 80' lang='grc' dir='ltr'>ἐσήμηνεν</span> <span class='ocrx_word' id='word_1_67' title='bbox 1540 1307 1745 1386; x_wconf 85' lang='grc' dir='ltr'>λόγον·</span> 
     </span>
    </p>

    <p class='ocr_par' dir='ltr' id='par_1_5' title="bbox 421 1387 1648 1726">
     <span class='ocr_line' id='line_1_13' title="bbox 434 1387 1648 1468; baseline 0 -18"><span class='ocrx_word' id='word_1_68' title='bbox 434 1387 481 1450; x_wconf 69' lang='grc' dir='ltr'><em>ὦ</em></span> <span class='ocrx_word' id='word_1_69' title='bbox 512 1387 616 1466; x_wconf 79' lang='grc' dir='ltr'>τὴν</span> <span class='ocrx_word' id='word_1_70' title='bbox 645 1389 789 1466; x_wconf 81' lang='grc' dir='ltr'>ἐμὴν</span> <span class='ocrx_word' id='word_1_71' title='bbox 816 1387 1136 1468; x_wconf 86' lang='grc' dir='ltr'>πέρσαντες</span> <span class='ocrx_word' id='word_1_72' title='bbox 1165 1391 1430 1468; x_wconf 85' lang='grc' dir='ltr'>Ἀργεῖοι</span> <span class='ocrx_word' id='word_1_73' title='bbox 1452 1391 1648 1465; x_wconf 86' lang='grc' dir='ltr'>πόλιν,</span> 
     </span>
     <span class='ocr_line' id='line_1_14' title="bbox 433 1472 1639 1553; baseline -0.002 -19"><span class='ocrx_word' id='word_1_74' title='bbox 433 1475 650 1535; x_wconf 82' lang='grc' dir='ltr'>ἑκοῦσα</span> <span class='ocrx_word' id='word_1_75' title='bbox 681 1472 934 1550; x_wconf 83' lang='grc' dir='ltr'>θνήσκω·</span> <span class='ocrx_word' id='word_1_76' title='bbox 978 1472 1058 1551; x_wconf 90' lang='grc' dir='ltr'>μή</span> <span class='ocrx_word' id='word_1_77' title='bbox 1088 1498 1177 1540; x_wconf 90' lang='grc' dir='ltr'>τις</span> <span class='ocrx_word' id='word_1_78' title='bbox 1204 1472 1432 1553; x_wconf 79' lang='grc' dir='ltr'>ἅψηται</span> <span class='ocrx_word' id='word_1_79' title='bbox 1460 1472 1639 1553; x_wconf 83' lang='grc' dir='ltr'>χροὸς</span> 
     </span>
     <span class='ocr_line' id='line_1_15' title="bbox 421 1557 1633 1640; baseline -0.002 -19"><span class='ocrx_word' id='word_1_80' title='bbox 421 1560 655 1637; x_wconf 81' lang='grc' dir='ltr'>τούμοῦ·</span> <span class='ocrx_word' id='word_1_81' title='bbox 705 1557 933 1639; x_wconf 81' lang='grc' dir='ltr'>παρέξω</span> <span class='ocrx_word' id='word_1_82' title='bbox 965 1564 1074 1640; x_wconf 76' lang='grc' dir='ltr'>γὰρ</span> <span class='ocrx_word' id='word_1_83' title='bbox 1104 1557 1275 1638; x_wconf 87' lang='grc' dir='ltr'>δέρην</span> <span class='ocrx_word' id='word_1_84' title='bbox 1305 1558 1633 1637; x_wconf 80' lang='grc' dir='ltr'>εὐκαρδίως.</span> 
     </span>
     <span class='ocr_line' id='line_1_16' title="bbox 437 1642 1576 1726; baseline -0.004 -18"><span class='ocrx_word' id='word_1_85' title='bbox 437 1643 750 1726; x_wconf 78' lang='grc' dir='ltr'>ἐλευθέραν</span> <span class='ocrx_word' id='word_1_86' title='bbox 778 1643 842 1707; x_wconf 91' lang='grc' dir='ltr'>δέ</span> <span class='ocrx_word' id='word_1_87' title='bbox 867 1646 951 1722; x_wconf 86' lang='grc' dir='ltr'>μ’,</span> <span class='ocrx_word' id='word_1_88' title='bbox 988 1644 1064 1709; x_wconf 81' lang='grc' dir='ltr'>ὣς</span> <span class='ocrx_word' id='word_1_89' title='bbox 1095 1643 1372 1724; x_wconf 91' lang='grc' dir='ltr'>ἐλευθέρα</span> <span class='ocrx_word' id='word_1_90' title='bbox 1401 1642 1576 1720; x_wconf 85' lang='grc' dir='ltr'>θάνω,</span> 
     </span>
    </p>

    <p class='ocr_par' dir='ltr' id='par_1_6' title="bbox 432 1729 1887 2063">
     <span class='ocr_line' id='line_1_17' title="bbox 432 1729 1887 1809; baseline -0.001 -19"><span class='ocrx_word' id='word_1_91' title='bbox 432 1731 577 1809; x_wconf 81' lang='grc' dir='ltr'>πρὸς</span> <span class='ocrx_word' id='word_1_92' title='bbox 608 1734 756 1792; x_wconf 82' lang='grc' dir='ltr'>θεῶν</span> <span class='ocrx_word' id='word_1_93' title='bbox 783 1729 1055 1807; x_wconf 86' lang='grc' dir='ltr'>μεθέντες</span> <span class='ocrx_word' id='word_1_94' title='bbox 1077 1731 1343 1791; x_wconf 85' lang='grc' dir='ltr'>κτείνατ’·</span> <span class='ocrx_word' id='word_1_95' title='bbox 1392 1731 1458 1790; x_wconf 85' lang='grc' dir='ltr'>ἐν</span> <span class='ocrx_word' id='word_1_96' title='bbox 1487 1733 1744 1808; x_wconf 82' lang='grc' dir='ltr'>νεκροῖσι</span> <span class='ocrx_word' id='word_1_97' title='bbox 1774 1730 1887 1806; x_wconf 74' lang='grc' dir='ltr'>γὰρ</span> 
     </span>
     <span class='ocr_line' id='line_1_18' title="bbox 433 1813 1804 1894; baseline 0 -18"><span class='ocrx_word' id='word_1_98' title='bbox 433 1814 615 1891; x_wconf 84' lang='grc' dir='ltr'>δούλη</span> <span class='ocrx_word' id='word_1_99' title='bbox 649 1817 966 1892; x_wconf 84' lang='grc' dir='ltr'>κεκλῆσθαι</span> <span class='ocrx_word' id='word_1_100' title='bbox 994 1814 1239 1893; x_wconf 88' lang='grc' dir='ltr'>βασιλὶς</span> <span class='ocrx_word' id='word_1_101' title='bbox 1270 1813 1401 1876; x_wconf 73' lang='grc' dir='ltr'>οὖσ’</span> <span class='ocrx_word' id='word_1_102' title='bbox 1432 1816 1804 1894; x_wconf 83' lang='grc' dir='ltr'>αἰσχύνομαι.</span> 
     </span>
     <span class='ocr_line' id='line_1_19' title="bbox 434 1896 1793 1981; baseline -0.001 -21"><span class='ocrx_word' id='word_1_103' title='bbox 434 1901 574 1961; x_wconf 88' lang='grc' dir='ltr'>λαοὶ</span> <span class='ocrx_word' id='word_1_104' title='bbox 603 1901 657 1960; x_wconf 82' lang='grc' dir='ltr'>δ’</span> <span class='ocrx_word' id='word_1_105' title='bbox 689 1901 1106 1978; x_wconf 86' lang='grc' dir='ltr'>ἐπερρόθησαν,</span> <span class='ocrx_word' id='word_1_106' title='bbox 1137 1897 1528 1981; x_wconf 80' lang='grc' dir='ltr'>Ἀγαμέμνων</span> <span class='ocrx_word' id='word_1_107' title='bbox 1556 1900 1609 1961; x_wconf 80' lang='grc' dir='ltr'>τ’</span> <span class='ocrx_word' id='word_1_108' title='bbox 1642 1896 1793 1972; x_wconf 80' lang='grc' dir='ltr'>ἄναξ</span> 
     </span>
     <span class='ocr_line' id='line_1_20' title="bbox 435 1982 1500 2063; baseline 0.002 -17"><span class='ocrx_word' id='word_1_109' title='bbox 435 1982 598 2046; x_wconf 83' lang='grc' dir='ltr'>εἶπεν</span> <span class='ocrx_word' id='word_1_110' title='bbox 625 1987 884 2063; x_wconf 84' lang='grc' dir='ltr'>μεθεῖναι</span> <span class='ocrx_word' id='word_1_111' title='bbox 912 1982 1200 2063; x_wconf 89' lang='grc' dir='ltr'>παρθένον</span> <span class='ocrx_word' id='word_1_112' title='bbox 1228 1985 1500 2047; x_wconf 84' lang='grc' dir='ltr'>νεανίαις.</span> 
     </span>
    </p>

    <p class='ocr_par' dir='ltr' id='par_1_7' title="bbox 429 2066 1829 2740">
     <span class='ocr_line' id='line_1_21' title="bbox 439 2066 1734 2147; baseline 0 -20"><span class='ocrx_word' id='word_1_113' title='bbox 439 2070 519 2144; x_wconf 79' lang='grc' dir='ltr'>[οἱ</span> <span class='ocrx_word' id='word_1_114' title='bbox 550 2068 623 2142; x_wconf 86' lang='grc' dir='ltr'>δ’,</span> <span class='ocrx_word' id='word_1_115' title='bbox 657 2067 732 2132; x_wconf 80' lang='grc' dir='ltr'>ὥς</span> <span class='ocrx_word' id='word_1_116' title='bbox 760 2066 996 2147; x_wconf 63' lang='grc' dir='ltr'>τάχιστ)</span> <span class='ocrx_word' id='word_1_117' title='bbox 1025 2067 1286 2145; x_wconf 87' lang='grc' dir='ltr'>ἤκουσαν</span> <span class='ocrx_word' id='word_1_118' title='bbox 1311 2067 1571 2143; x_wconf 81' lang='grc' dir='ltr'>ὑστάτην</span> <span class='ocrx_word' id='word_1_119' title='bbox 1599 2068 1734 2143; x_wconf 86' lang='grc' dir='ltr'>ὄπα,</span> 
     </span>
     <span class='ocr_line' id='line_1_22' title="bbox 432 2149 1734 2232; baseline 0.001 -20"><span class='ocrx_word' id='word_1_120' title='bbox 432 2154 707 2228; x_wconf 85' lang='grc' dir='ltr'>μεθῆκαν,</span> <span class='ocrx_word' id='word_1_121' title='bbox 743 2152 919 2230; x_wconf 83' lang='grc' dir='ltr'>οὗπερ</span> <span class='ocrx_word' id='word_1_122' title='bbox 951 2152 1045 2212; x_wconf 89' lang='grc' dir='ltr'>καὶ</span> <span class='ocrx_word' id='word_1_123' title='bbox 1072 2149 1353 2229; x_wconf 86' lang='grc' dir='ltr'>μέγιστον</span> <span class='ocrx_word' id='word_1_124' title='bbox 1379 2152 1453 2229; x_wconf 87' lang='grc' dir='ltr'>ἥν</span> <span class='ocrx_word' id='word_1_125' title='bbox 1482 2149 1734 2232; x_wconf 64' lang='grc' dir='ltr'>κράτος]</span> 
     </span>
     <span class='ocr_line' id='line_1_23' title="bbox 436 2233 1628 2311; baseline 0.003 -16"><span class='ocrx_word' id='word_1_126' title='bbox 436 2235 605 2296; x_wconf 84' lang='grc' dir='ltr'>κάπεὶ</span> <span class='ocrx_word' id='word_1_127' title='bbox 635 2235 757 2297; x_wconf 78' lang='grc' dir='ltr'>τόδ’</span> <span class='ocrx_word' id='word_1_128' title='bbox 790 2233 1100 2311; x_wconf 84' lang='grc' dir='ltr'>εἷσήκουσε</span> <span class='ocrx_word' id='word_1_129' title='bbox 1129 2238 1431 2297; x_wconf 82' lang='grc' dir='ltr'>δεσποτῶν</span> <span class='ocrx_word' id='word_1_130' title='bbox 1462 2237 1628 2306; x_wconf 76' lang='grc' dir='ltr'>ἔπος,</span> 
     </span>
     <span class='ocr_line' id='line_1_24' title="bbox 434 2317 1619 2399; baseline 0.004 -19"><span class='ocrx_word' id='word_1_131' title='bbox 434 2324 715 2395; x_wconf 87' lang='grc' dir='ltr'>λαβοῦσα</span> <span class='ocrx_word' id='word_1_132' title='bbox 743 2318 1002 2385; x_wconf 88' lang='grc' dir='ltr'>πέπλους</span> <span class='ocrx_word' id='word_1_133' title='bbox 1031 2317 1102 2396; x_wconf 82' lang='grc' dir='ltr'>ἐξ</span> <span class='ocrx_word' id='word_1_134' title='bbox 1126 2319 1303 2399; x_wconf 84' lang='grc' dir='ltr'>ἄκρας</span> <span class='ocrx_word' id='word_1_135' title='bbox 1333 2318 1619 2398; x_wconf 80' lang='grc' dir='ltr'>ἐπωμίδος</span> 
     </span>
     <span class='ocr_line' id='line_1_25' title="bbox 433 2398 1786 2486; baseline 0.001 -20"><span class='ocrx_word' id='word_1_136' title='bbox 433 2403 639 2485; x_wconf 80' lang='grc' dir='ltr'>ἔρρηξε</span> <span class='ocrx_word' id='word_1_137' title='bbox 666 2405 918 2486; x_wconf 85' lang='grc' dir='ltr'>λαγόνος</span> <span class='ocrx_word' id='word_1_138' title='bbox 943 2407 1002 2471; x_wconf 91' lang='grc' dir='ltr'>ἐς</span> <span class='ocrx_word' id='word_1_139' title='bbox 1029 2403 1216 2485; x_wconf 87' lang='grc' dir='ltr'>μέσον</span> <span class='ocrx_word' id='word_1_140' title='bbox 1243 2407 1381 2485; x_wconf 81' lang='grc' dir='ltr'>παρ’</span> <span class='ocrx_word' id='word_1_141' title='bbox 1414 2403 1708 2486; x_wconf 83' lang='grc' dir='ltr'>ὀμφαλὸν,</span> <span class='ocrx_word' id='word_1_142' title='bbox 1773 2398 1786 2419; x_wconf 51' lang='grc'><strong>“</strong></span> 
     </span>
     <span class='ocr_line' id='line_1_26' title="bbox 429 2488 1829 2570; baseline 0.001 -17"><span class='ocrx_word' id='word_1_143' title='bbox 429 2491 688 2567; x_wconf 87' lang='grc' dir='ltr'>μαστούς</span> <span class='ocrx_word' id='word_1_144' title='bbox 718 2491 771 2552; x_wconf 78' lang='grc' dir='ltr'>τ’</span> <span class='ocrx_word' id='word_1_145' title='bbox 803 2489 989 2568; x_wconf 79' lang='grc' dir='ltr'>ἔδειξε</span> <span class='ocrx_word' id='word_1_146' title='bbox 1016 2488 1230 2570; x_wconf 85' lang='grc' dir='ltr'>στέρνα</span> <span class='ocrx_word' id='word_1_147' title='bbox 1260 2492 1334 2567; x_wconf 77' lang='grc' dir='ltr'>θ’,</span> <span class='ocrx_word' id='word_1_148' title='bbox 1368 2490 1445 2555; x_wconf 84' lang='grc' dir='ltr'>ὣς</span> <span class='ocrx_word' id='word_1_149' title='bbox 1474 2489 1829 2570; x_wconf 81' lang='grc' dir='ltr'>ἀγάλματος,</span> 
     </span>
     <span class='ocr_line' id='line_1_27' title="bbox 435 2574 1710 2655; baseline 0.002 -20"><span class='ocrx_word' id='word_1_150' title='bbox 435 2574 746 2638; x_wconf 84' lang='grc' dir='ltr'>κάλλιστα·</span> <span class='ocrx_word' id='word_1_151' title='bbox 794 2578 886 2638; x_wconf 91' lang='grc' dir='ltr'>καὶ</span> <span class='ocrx_word' id='word_1_152' title='bbox 916 2580 1163 2639; x_wconf 85' lang='grc' dir='ltr'>καθεῖσα</span> <span class='ocrx_word' id='word_1_153' title='bbox 1188 2575 1334 2655; x_wconf 83' lang='grc' dir='ltr'>πρὸς</span> <span class='ocrx_word' id='word_1_154' title='bbox 1362 2581 1538 2655; x_wconf 86' lang='grc' dir='ltr'>γαῖαν</span> <span class='ocrx_word' id='word_1_155' title='bbox 1565 2582 1710 2655; x_wconf 84' lang='grc' dir='ltr'>γόνυ</span> 
     </span>
     <span class='ocr_line' id='line_1_28' title="bbox 435 2657 1595 2740; baseline 0.001 -20"><span class='ocrx_word' id='word_1_156' title='bbox 435 2657 603 2734; x_wconf 81' lang='grc' dir='ltr'>ἔλεξε</span> <span class='ocrx_word' id='word_1_157' title='bbox 632 2657 866 2721; x_wconf 88' lang='grc' dir='ltr'>πάντων</span> <span class='ocrx_word' id='word_1_158' title='bbox 893 2659 1365 2738; x_wconf 85' lang='grc' dir='ltr'>τλημονέστατον</span> <span class='ocrx_word' id='word_1_159' title='bbox 1391 2662 1595 2740; x_wconf 84' lang='grc' dir='ltr'>λόγον·</span> 
     </span>
    </p>

    <p class='ocr_par' dir='ltr' id='par_1_8' title="bbox 436 2742 1767 2991">
     <span class='ocr_line' id='line_1_29' title="bbox 438 2742 1627 2822; baseline 0.002 -18"><span class='ocrx_word' id='word_1_160' title='bbox 438 2742 563 2806; x_wconf 78' lang='grc' dir='ltr'>ἰδοὺ</span> <span class='ocrx_word' id='word_1_161' title='bbox 592 2744 734 2819; x_wconf 83' lang='grc' dir='ltr'>τόδ’,</span> <span class='ocrx_word' id='word_1_162' title='bbox 767 2746 949 2822; x_wconf 81' lang='grc' dir='ltr'>εἰμὲν</span> <span class='ocrx_word' id='word_1_163' title='bbox 979 2743 1239 2821; x_wconf 87' lang='grc' dir='ltr'>στέρνον,</span> <span class='ocrx_word' id='word_1_164' title='bbox 1275 2743 1322 2804; x_wconf 68' lang='grc' dir='ltr'><em>ὦ</em></span> <span class='ocrx_word' id='word_1_165' title='bbox 1352 2745 1572 2813; x_wconf 81' lang='grc' dir='ltr'>νεανία,</span> <span class='ocrx_word' id='word_1_166' title='bbox 1623 2774 1627 2779; x_wconf 82' lang='grc'>·</span> 
     </span>
     <span class='ocr_line' id='line_1_30' title="bbox 436 2824 1767 2905; baseline -0.002 -18"><span class='ocrx_word' id='word_1_167' title='bbox 436 2828 633 2890; x_wconf 90' lang='grc' dir='ltr'>παίειν</span> <span class='ocrx_word' id='word_1_168' title='bbox 659 2830 959 2905; x_wconf 83' lang='grc' dir='ltr'>προθυμεῖ,</span> <span class='ocrx_word' id='word_1_169' title='bbox 992 2832 1229 2900; x_wconf 86' lang='grc' dir='ltr'>παῖσον,</span> <span class='ocrx_word' id='word_1_170' title='bbox 1262 2831 1315 2889; x_wconf 82' lang='grc' dir='ltr'>εἰ</span> <span class='ocrx_word' id='word_1_171' title='bbox 1338 2825 1385 2887; x_wconf 93' lang='grc' dir='ltr'>δ’</span> <span class='ocrx_word' id='word_1_172' title='bbox 1417 2824 1511 2888; x_wconf 77' lang='grc' dir='ltr'>ὑπ’</span> <span class='ocrx_word' id='word_1_173' title='bbox 1546 2825 1767 2905; x_wconf 79' lang='grc' dir='ltr'>αὗχένα</span> 
     </span>
     <span class='ocr_line' id='line_1_31' title="bbox 438 2908 1663 2996; baseline 0.004 -26"><span class='ocrx_word' id='word_1_174' title='bbox 438 2909 691 2996; x_wconf 78' lang='grc' dir='ltr'>χρήζεις,</span> <span class='ocrx_word' id='word_1_175' title='bbox 720 2908 968 2990; x_wconf 88' lang='grc' dir='ltr'>πάρεστι</span> <span class='ocrx_word' id='word_1_176' title='bbox 996 2909 1205 2987; x_wconf 87' lang='grc' dir='ltr'>λαιμὸς</span> <span class='ocrx_word' id='word_1_177' title='bbox 1235 2909 1514 2989; x_wconf 77' lang='grc' dir='ltr'>ευτρεπὴς</span> <span class='ocrx_word' id='word_1_178' title='bbox 1541 2910 1663 2975; x_wconf 82' lang='grc' dir='ltr'>ὅδε.</span> 
     </span>
    </p>

    <p class='ocr_par' dir='ltr' id='par_1_9' title="bbox 435 2992 1747 3161">
     <span class='ocr_line' id='line_1_32' title="bbox 444 2992 1747 3077; baseline 0 -20"><span class='ocrx_word' id='word_1_179' title='bbox 444 2997 479 3057; x_wconf 85' lang='grc' dir='ltr'>ὁ</span> <span class='ocrx_word' id='word_1_180' title='bbox 507 2998 558 3058; x_wconf 86' lang='grc' dir='ltr'>δ’</span> <span class='ocrx_word' id='word_1_181' title='bbox 589 2997 657 3059; x_wconf 85' lang='grc' dir='ltr'>οὗ</span> <span class='ocrx_word' id='word_1_182' title='bbox 684 2994 880 3058; x_wconf 85' lang='grc' dir='ltr'>θέλων</span> <span class='ocrx_word' id='word_1_183' title='bbox 902 3020 971 3058; x_wconf 88' lang='grc' dir='ltr'>τε</span> <span class='ocrx_word' id='word_1_184' title='bbox 989 2997 1085 3058; x_wconf 87' lang='grc' dir='ltr'>καὶ</span> <span class='ocrx_word' id='word_1_185' title='bbox 1113 2992 1318 3067; x_wconf 88' lang='grc' dir='ltr'>θέλων,</span> <span class='ocrx_word' id='word_1_186' title='bbox 1353 2997 1523 3077; x_wconf 85' lang='grc' dir='ltr'>οἵκτω</span> <span class='ocrx_word' id='word_1_187' title='bbox 1551 2995 1747 3073; x_wconf 80' lang='grc' dir='ltr'>κόρης,</span> 
     </span>
     <span class='ocr_line' id='line_1_33' title="bbox 435 3056 1552 3162; baseline 0 -18"><span class='ocrx_word' id='word_1_188' title='bbox 435 3078 631 3159; x_wconf 88' lang='grc' dir='ltr'>τέμνει</span> <span class='ocrx_word' id='word_1_189' title='bbox 661 3080 879 3162; x_wconf 83' lang='grc' dir='ltr'>σιδήρῳ</span> <span class='ocrx_word' id='word_1_190' title='bbox 908 3081 1234 3158; x_wconf 87' lang='grc' dir='ltr'>πνεύματος</span> <span class='ocrx_word' id='word_1_191' title='bbox 1264 3056 1552 3161; x_wconf 78' lang='grc' dir='ltr'>διαρροάς·</span> 
     </span>
    </p>

    <p class='ocr_par' dir='ltr' id='par_1_10' title="bbox 437 3163 1890 3330">
     <span class='ocr_line' id='line_1_34' title="bbox 438 3163 1890 3246; baseline -0.001 -18"><span class='ocrx_word' id='word_1_192' title='bbox 438 3166 666 3246; x_wconf 86' lang='grc' dir='ltr'>κρουνοὶ</span> <span class='ocrx_word' id='word_1_193' title='bbox 697 3170 746 3227; x_wconf 89' lang='grc' dir='ltr'>δ’</span> <span class='ocrx_word' id='word_1_194' title='bbox 778 3165 1054 3245; x_wconf 76' lang='grc' dir='ltr'>ἐχώρουν·</span> <span class='ocrx_word' id='word_1_195' title='bbox 1098 3164 1134 3241; x_wconf 86' lang='grc' dir='ltr'>ἡ</span> <span class='ocrx_word' id='word_1_196' title='bbox 1167 3168 1230 3228; x_wconf 77' lang='grc' dir='ltr'>δὲ</span> <span class='ocrx_word' id='word_1_197' title='bbox 1262 3165 1356 3226; x_wconf 84' lang='grc' dir='ltr'>καὶ</span> <span class='ocrx_word' id='word_1_198' title='bbox 1384 3163 1710 3240; x_wconf 47' lang='grc' dir='ltr'>θνήσκουοθ</span> <span class='ocrx_word' id='word_1_199' title='bbox 1732 3163 1890 3242; x_wconf 85' lang='grc' dir='ltr'>ὅμως</span> 
     </span>
     <span class='ocr_line' id='line_1_35' title="bbox 437 3247 1810 3330; baseline -0.003 -17"><span class='ocrx_word' id='word_1_200' title='bbox 437 3247 673 3326; x_wconf 81' lang='grc' dir='ltr'>πολλὴν</span> <span class='ocrx_word' id='word_1_201' title='bbox 688 3249 980 3329; x_wconf 89' lang='grc' dir='ltr'>πρόνοιαν</span> <span class='ocrx_word' id='word_1_202' title='bbox 1008 3249 1170 3330; x_wconf 77' lang='grc' dir='ltr'>εἶχεν</span> <span class='ocrx_word' id='word_1_203' title='bbox 1197 3247 1508 3330; x_wconf 82' lang='grc' dir='ltr'>εὐσχήμως</span> <span class='ocrx_word' id='word_1_204' title='bbox 1536 3253 1764 3319; x_wconf 87' lang='grc' dir='ltr'>πεσεῖν,</span> <span class='ocrx_word' id='word_1_205' title='bbox 1803 3276 1810 3279; x_wconf 91' lang='grc'>·</span> 
     </span>
    </p>
   </div>
   <div class='ocr_carea' id='block_1_3' title="bbox 442 3331 1962 3435">
    <p class='ocr_par' dir='ltr' id='par_1_11' title="bbox 442 3331 1962 3435">
     <span class='ocr_line' id='line_1_36' title="bbox 442 3331 1962 3435; baseline -0.001 -37"><span class='ocrx_word' id='word_1_206' title='bbox 442 3337 750 3415; x_wconf 87' lang='grc' dir='ltr'>κρύπτουσ’</span> <span class='ocrx_word' id='word_1_207' title='bbox 776 3333 815 3396; x_wconf 76' lang='grc' dir='ltr'>ἃ</span> <span class='ocrx_word' id='word_1_208' title='bbox 837 3334 1106 3414; x_wconf 79' lang='grc' dir='ltr'>κρύπτειν</span> <span class='ocrx_word' id='word_1_209' title='bbox 1136 3334 1344 3413; x_wconf 87' lang='grc' dir='ltr'>ὄμματ’</span> <span class='ocrx_word' id='word_1_210' title='bbox 1377 3331 1639 3412; x_wconf 77' lang='grc' dir='ltr'>ἀρσένων</span> <span class='ocrx_word' id='word_1_211' title='bbox 1652 3332 1876 3435; x_wconf 62' lang='grc' dir='ltr'>χρεών.</span> <span class='ocrx_word' id='word_1_212' title='bbox 1954 3421 1962 3427; x_wconf 91' lang='lat'><strong>.</strong></span> 
     </span>
    </p>
   </div>
   <div class='ocr_carea' id='block_1_4' title="bbox 440 3418 1782 3667">
    <p class='ocr_par' dir='ltr' id='par_1_12' title="bbox 440 3418 1779 3667">
     <span class='ocr_line' id='line_1_37' title="bbox 440 3418 1705 3525; baseline -0.003 -43"><span class='ocrx_word' id='word_1_213' title='bbox 440 3421 569 3482; x_wconf 88' lang='grc' dir='ltr'>ἐπεὶ</span> <span class='ocrx_word' id='word_1_214' title='bbox 597 3424 646 3481; x_wconf 90' lang='grc' dir='ltr'>δ’</span> <span class='ocrx_word' id='word_1_215' title='bbox 680 3422 873 3498; x_wconf 83' lang='grc' dir='ltr'>ἀφῆκε</span> <span class='ocrx_word' id='word_1_216' title='bbox 894 3425 1119 3497; x_wconf 87' lang='grc' dir='ltr'>πνεῦμα</span> <span class='ocrx_word' id='word_1_217' title='bbox 1142 3421 1446 3500; x_wconf 74' lang='grc' dir='ltr'>θανασίμῳ</span> <span class='ocrx_word' id='word_1_218' title='bbox 1476 3418 1705 3525; x_wconf 81' lang='grc' dir='ltr'>σφαγῇ,</span> 
     </span>
     <span class='ocr_line' id='line_1_38' title="bbox 440 3502 1692 3584; baseline 0.001 -20"><span class='ocrx_word' id='word_1_219' title='bbox 440 3503 629 3569; x_wconf 82' lang='grc' dir='ltr'>οὐδεὶς</span> <span class='ocrx_word' id='word_1_220' title='bbox 656 3504 759 3568; x_wconf 81' lang='grc' dir='ltr'>τὸν</span> <span class='ocrx_word' id='word_1_221' title='bbox 780 3502 955 3566; x_wconf 83' lang='grc' dir='ltr'>αὐτὸν</span> <span class='ocrx_word' id='word_1_222' title='bbox 985 3504 1146 3584; x_wconf 77' lang='grc' dir='ltr'>εἶχεν</span> <span class='ocrx_word' id='word_1_223' title='bbox 1175 3504 1463 3583; x_wconf 84' lang='grc' dir='ltr'>Ἀργείων</span> <span class='ocrx_word' id='word_1_224' title='bbox 1489 3502 1692 3578; x_wconf 89' lang='grc' dir='ltr'>πόνον,</span> 
     </span>
     <span class='ocr_line' id='line_1_39' title="bbox 442 3584 1782 3667; baseline -0.003 -17"><span class='ocrx_word' id='word_1_225' title='bbox 442 3584 583 3650; x_wconf 76' lang='grc' dir='ltr'>ἀλλ’</span> <span class='ocrx_word' id='word_1_226' title='bbox 616 3591 672 3650; x_wconf 85' lang='grc' dir='ltr'>οἱ</span> <span class='ocrx_word' id='word_1_227' title='bbox 698 3589 807 3665; x_wconf 77' lang='grc' dir='ltr'>μὲν</span> <span class='ocrx_word' id='word_1_228' title='bbox 828 3588 1015 3651; x_wconf 77' lang='grc' dir='ltr'>αὐτῶν</span> <span class='ocrx_word' id='word_1_229' title='bbox 1034 3587 1140 3664; x_wconf 80' lang='grc' dir='ltr'>τὴν</span> <span class='ocrx_word' id='word_1_230' title='bbox 1168 3592 1465 3651; x_wconf 86' lang='grc' dir='ltr'>θανοῦσαν</span> <span class='ocrx_word' id='word_1_231' title='bbox 1493 3588 1566 3648; x_wconf 75' lang='grc' dir='ltr'>ἐκ</span> <span class='ocrx_word' id='word_1_232' title='bbox 1585 3586 1782 3667; x_wconf 77' lang='grc' dir='ltr'>χερῦν</span> 
     </span>
    </p>
   </div>
   <div class='ocr_carea' id='block_1_5' title="bbox 444 3670 1948 3751">
    <p class='ocr_par' dir='ltr' id='par_1_13' title="bbox 444 3670 1948 3751">
     <span class='ocr_line' id='line_1_40' title="bbox 444 3670 1948 3751; baseline -0.001 -17"><span class='ocrx_word' id='word_1_233' title='bbox 444 3672 698 3751; x_wconf 84' lang='grc' dir='ltr'>φύλλοις</span> <span class='ocrx_word' id='word_1_234' title='bbox 731 3672 1017 3750; x_wconf 77' lang='grc' dir='ltr'>ἔβαλλον,</span> <span class='ocrx_word' id='word_1_235' title='bbox 1049 3699 1107 3736; x_wconf 91' lang='grc' dir='ltr'>οι</span> <span class='ocrx_word' id='word_1_236' title='bbox 1134 3676 1201 3738; x_wconf 74' lang='grc' dir='ltr'>δὲ</span> <span class='ocrx_word' id='word_1_237' title='bbox 1225 3675 1556 3751; x_wconf 87' lang='grc' dir='ltr'>πληροῦσιν</span> <span class='ocrx_word' id='word_1_238' title='bbox 1582 3670 1789 3746; x_wconf 73' lang='grc' dir='ltr'>πυρᾶν,</span> <span class='ocrx_word' id='word_1_239' title='bbox 1823 3694 1832 3699; x_wconf 74' lang='grc'><strong>’</strong></span> <span class='ocrx_word' id='word_1_240' title='bbox 1925 3692 1948 3701; x_wconf 82' lang='grc'>··</span> 
     </span>
    </p>
   </div>
   <div class='ocr_carea' id='block_1_6' title="bbox 2136 813 2239 860">
    <p class='ocr_par' dir='ltr' id='par_1_14' title="bbox 2136 813 2239 860">
     <span class='ocr_line' id='line_1_41' title="bbox 2136 813 2239 860; baseline 0 0"><span class='ocrx_word' id='word_1_241' title='bbox 2136 813 2239 860; x_wconf 67' lang='grc'>540</span> 
     </span>
    </p>
   </div>
   <div class='ocr_carea' id='block_1_7' title="bbox 2136 1232 2235 1311">
    <p class='ocr_par' dir='ltr' id='par_1_15' title="bbox 2136 1232 2235 1311">
     <span class='ocr_line' id='line_1_42' title="bbox 2136 1232 2235 1311; baseline 0.01 -32"><span class='ocrx_word' id='word_1_242' title='bbox 2136 1232 2235 1311; x_wconf 73' lang='grc'>545</span> 
     </span>
    </p>
   </div>
   <div class='ocr_carea' id='block_1_8' title="bbox 2033 1649 2238 1697">
    <p class='ocr_par' dir='ltr' id='par_1_16' title="bbox 2033 1649 2238 1697">
     <span class='ocr_line' id='line_1_43' title="bbox 2033 1649 2238 1697; baseline 0.02 -6"><span class='ocrx_word' id='word_1_243' title='bbox 2033 1670 2066 1691; x_wconf 54' lang='lat' dir='ltr'><em>m</em></span> <span class='ocrx_word' id='word_1_244' title='bbox 2137 1649 2238 1697; x_wconf 79' lang='lat'>550</span> 
     </span>
    </p>
   </div>
   <div class='ocr_carea' id='block_1_9' title="bbox 2138 2075 2236 2123">
    <p class='ocr_par' dir='ltr' id='par_1_17' title="bbox 2138 2075 2236 2123">
     <span class='ocr_line' id='line_1_44' title="bbox 2138 2075 2236 2123; baseline 0 0"><span class='ocrx_word' id='word_1_245' title='bbox 2138 2075 2236 2123; x_wconf 82' lang='lat'>555</span> 
     </span>
    </p>
   </div>
   <div class='ocr_carea' id='block_1_10' title="bbox 2136 2493 2237 2546">
    <p class='ocr_par' dir='ltr' id='par_1_18' title="bbox 2136 2493 2237 2546">
     <span class='ocr_line' id='line_1_45' title="bbox 2136 2493 2237 2546; baseline 0.01 -1"><span class='ocrx_word' id='word_1_246' title='bbox 2136 2493 2237 2546; x_wconf 76' lang='lat'>560</span> 
     </span>
    </p>
   </div>
   <div class='ocr_carea' id='block_1_11' title="bbox 2138 2914 2239 2966">
    <p class='ocr_par' dir='ltr' id='par_1_19' title="bbox 2138 2914 2239 2966">
     <span class='ocr_line' id='line_1_46' title="bbox 2138 2914 2239 2966; baseline 0.02 -2"><span class='ocrx_word' id='word_1_247' title='bbox 2138 2914 2239 2966; x_wconf 81' lang='lat'>56⁵</span> 
     </span>
    </p>
   </div>
   <div class='ocr_carea' id='block_1_12' title="bbox 2457 3756 2468 3823">
    <p class='ocr_par' dir='ltr' id='par_1_20' title="bbox 2457 3756 2468 3823">
     <span class='ocr_line' id='line_1_47' title="bbox 2457 3756 2468 3823; textangle 90"><span class='ocrx_word' id='word_1_248' title='bbox 2457 3756 2468 3823; x_wconf 67' lang='grc' dir='ltr'>--.Ι-</span> 
     </span>
    </p>
   </div>
  </div>
 </body>
</html>
