<?xml version="1.0" encoding="UTF-8"?>
<!DOCTYPE html PUBLIC "-//W3C//DTD XHTML 1.0 Transitional//EN"
    "http://www.w3.org/TR/xhtml1/DTD/xhtml1-transitional.dtd">
<html xmlns="http://www.w3.org/1999/xhtml" xml:lang="en" lang="en">
 <head>
  <title>
</title>
<meta http-equiv="Content-Type" content="text/html;charset=utf-8" />
  <meta name='ocr-system' content='tesseract 3.04.00' />
  <meta name='ocr-capabilities' content='ocr_page ocr_carea ocr_par ocr_line ocrx_word'/>
</head>
<body>
  <div class='ocr_page' id='page_1' title='image "./hecubaandmedeae00unkngoog_0106.png"; bbox 0 0 2492 4092; ppageno 0'>
   <div class='ocr_carea' id='block_1_1' title="bbox 315 312 1452 373">
    <p class='ocr_par' dir='ltr' id='par_1_1' title="bbox 315 312 1452 373">
     <span class='ocr_line' id='line_1_1' title="bbox 315 312 1452 373; baseline -0.005 -13"><span class='ocrx_word' id='word_1_1' title='bbox 315 314 376 360; x_wconf 77' lang='lat'>92</span> <span class='ocrx_word' id='word_1_2' title='bbox 769 368 774 373; x_wconf 38' lang='grc'>,</span> <span class='ocrx_word' id='word_1_3' title='bbox 911 324 930 343; x_wconf 43' lang='lat' dir='ltr'><em>s</em></span> <span class='ocrx_word' id='word_1_4' title='bbox 1133 312 1452 355; x_wconf 57' lang='lat' dir='ltr'><strong>mmmmm·</strong></span> 
     </span>
    </p>
   </div>
   <div class='ocr_carea' id='block_1_2' title="bbox 310 443 1905 3744">
    <p class='ocr_par' dir='ltr' id='par_1_2' title="bbox 310 443 1905 3744">
     <span class='ocr_line' id='line_1_2' title="bbox 314 443 1772 527; baseline -0.003 -14"><span class='ocrx_word' id='word_1_5' title='bbox 314 455 462 514; x_wconf 91' lang='lat' dir='ltr'>MH.</span> <span class='ocrx_word' id='word_1_6' title='bbox 480 453 611 520; x_wconf 93' lang='grc' dir='ltr'>Ζεῦ,</span> <span class='ocrx_word' id='word_1_7' title='bbox 644 448 725 527; x_wconf 85' lang='grc' dir='ltr'>μὴ</span> <span class='ocrx_word' id='word_1_8' title='bbox 755 447 931 509; x_wconf 85' lang='grc' dir='ltr'>λάθοι</span> <span class='ocrx_word' id='word_1_9' title='bbox 960 473 1033 509; x_wconf 95' lang='grc' dir='ltr'>σε</span> <span class='ocrx_word' id='word_1_10' title='bbox 1062 444 1228 508; x_wconf 81' lang='grc' dir='ltr'>τῶνδ’</span> <span class='ocrx_word' id='word_1_11' title='bbox 1261 443 1326 509; x_wconf 83' lang='grc' dir='ltr'>ὃς</span> <span class='ocrx_word' id='word_1_12' title='bbox 1354 445 1536 508; x_wconf 78' lang='grc' dir='ltr'>αἴτιος</span> <span class='ocrx_word' id='word_1_13' title='bbox 1565 446 1772 508; x_wconf 85' lang='grc' dir='ltr'>κακῶν.</span> 
     </span>
     <span class='ocr_line' id='line_1_3' title="bbox 315 526 1812 613; baseline -0.004 -16"><span class='ocrx_word' id='word_1_14' title='bbox 315 540 432 597; x_wconf 86' lang='grc' dir='ltr'><strong>ΚΡ.</strong></span> <span class='ocrx_word' id='word_1_15' title='bbox 480 533 621 613; x_wconf 80' lang='grc' dir='ltr'>ἕρπ’,</span> <span class='ocrx_word' id='word_1_16' title='bbox 658 560 703 594; x_wconf 93' lang='grc' dir='ltr'>ω</span> <span class='ocrx_word' id='word_1_17' title='bbox 732 534 966 610; x_wconf 89' lang='grc' dir='ltr'>ματαία,</span> <span class='ocrx_word' id='word_1_18' title='bbox 1001 531 1101 591; x_wconf 87' lang='grc' dir='ltr'>καί</span> <span class='ocrx_word' id='word_1_19' title='bbox 1124 528 1181 608; x_wconf 89' lang='grc' dir='ltr'>μ’</span> <span class='ocrx_word' id='word_1_20' title='bbox 1216 526 1565 604; x_wconf 79' lang='grc' dir='ltr'>ἀπάλλαξον</span> <span class='ocrx_word' id='word_1_21' title='bbox 1593 528 1812 591; x_wconf 86' lang='grc' dir='ltr'>πόνων.</span> 
     </span>
     <span class='ocr_line' id='line_1_4' title="bbox 314 611 1705 718; baseline -0.005 -37"><span class='ocrx_word' id='word_1_22' title='bbox 314 624 465 682; x_wconf 91' lang='grc' dir='ltr'><strong>ΜΗ.</strong></span> <span class='ocrx_word' id='word_1_23' title='bbox 480 624 770 696; x_wconf 81' lang='grc' dir='ltr'>πονοῦμεν</span> <span class='ocrx_word' id='word_1_24' title='bbox 796 617 965 694; x_wconf 83' lang='grc' dir='ltr'>ἡμεῖς</span> <span class='ocrx_word' id='word_1_25' title='bbox 995 615 1096 677; x_wconf 84' lang='grc' dir='ltr'>κού</span> <span class='ocrx_word' id='word_1_26' title='bbox 1126 615 1323 676; x_wconf 89' lang='grc' dir='ltr'>πόνων</span> <span class='ocrx_word' id='word_1_27' title='bbox 1353 611 1705 718; x_wconf 86' lang='grc' dir='ltr'>κεχρήμεθα.</span> 
     </span>
     <span class='ocr_line' id='line_1_5' title="bbox 314 695 1628 784; baseline -0.006 -18"><span class='ocrx_word' id='word_1_28' title='bbox 314 709 431 768; x_wconf 89' lang='grc' dir='ltr'>ΚΡ.</span> <span class='ocrx_word' id='word_1_29' title='bbox 470 703 599 784; x_wconf 91' lang='grc' dir='ltr'>τάχ’</span> <span class='ocrx_word' id='word_1_30' title='bbox 635 701 706 779; x_wconf 80' lang='grc' dir='ltr'>ἐξ</span> <span class='ocrx_word' id='word_1_31' title='bbox 730 704 963 764; x_wconf 81' lang='grc' dir='ltr'>ὀπαδῶν</span> <span class='ocrx_word' id='word_1_32' title='bbox 990 700 1188 780; x_wconf 86' lang='grc' dir='ltr'>χειρὸς</span> <span class='ocrx_word' id='word_1_33' title='bbox 1219 695 1478 773; x_wconf 85' lang='grc' dir='ltr'>ὠσθήσει</span> <span class='ocrx_word' id='word_1_34' title='bbox 1500 699 1628 780; x_wconf 74' lang='grc' dir='ltr'>βίᾳ.</span> 
     </span>
     <span class='ocr_line' id='line_1_6' title="bbox 312 781 1873 866; baseline -0.003 -16"><span class='ocrx_word' id='word_1_35' title='bbox 312 787 553 866; x_wconf 90' lang='grc' dir='ltr'><strong>ΜΗ.μὴ</strong></span> <span class='ocrx_word' id='word_1_36' title='bbox 586 789 730 863; x_wconf 91' lang='grc' dir='ltr'>δῆτα</span> <span class='ocrx_word' id='word_1_37' title='bbox 757 788 930 847; x_wconf 89' lang='grc' dir='ltr'>τοῦτό</span> <span class='ocrx_word' id='word_1_38' title='bbox 957 786 1033 864; x_wconf 83' lang='grc' dir='ltr'>γ’,</span> <span class='ocrx_word' id='word_1_39' title='bbox 1068 782 1226 846; x_wconf 79' lang='grc' dir='ltr'>ἀλλά</span> <span class='ocrx_word' id='word_1_40' title='bbox 1257 782 1311 845; x_wconf 90' lang='grc' dir='ltr'>σ’</span> <span class='ocrx_word' id='word_1_41' title='bbox 1347 786 1635 860; x_wconf 81' lang='grc' dir='ltr'>αἰτοῦμαι,</span> <span class='ocrx_word' id='word_1_42' title='bbox 1668 781 1873 862; x_wconf 83' lang='grc' dir='ltr'>Κρέον.</span> 
     </span>
     <span class='ocr_line' id='line_1_7' title="bbox 310 868 1629 953; baseline -0.002 -19"><span class='ocrx_word' id='word_1_43' title='bbox 310 876 431 934; x_wconf 87' lang='lat' dir='ltr'>KP.</span> <span class='ocrx_word' id='word_1_44' title='bbox 475 874 663 953; x_wconf 83' lang='grc' dir='ltr'>ὄχλον</span> <span class='ocrx_word' id='word_1_45' title='bbox 690 868 982 949; x_wconf 78' lang='grc' dir='ltr'>παρέξεις,</span> <span class='ocrx_word' id='word_1_46' title='bbox 1015 871 1090 934; x_wconf 81' lang='grc' dir='ltr'>ὣς</span> <span class='ocrx_word' id='word_1_47' title='bbox 1121 870 1333 944; x_wconf 85' lang='grc' dir='ltr'>ἔοικας,</span> <span class='ocrx_word' id='word_1_48' title='bbox 1364 894 1410 928; x_wconf 90' lang='grc' dir='ltr'>ω</span> <span class='ocrx_word' id='word_1_49' title='bbox 1439 871 1629 947; x_wconf 85' lang='grc' dir='ltr'>γύναι.</span> 
     </span>
     <span class='ocr_line' id='line_1_8' title="bbox 312 951 1827 1038; baseline -0.002 -19"><span class='ocrx_word' id='word_1_50' title='bbox 312 962 463 1018; x_wconf 89' lang='grc' dir='ltr'>ΜΗ.</span> <span class='ocrx_word' id='word_1_51' title='bbox 479 966 592 1038; x_wconf 82' lang='grc' dir='ltr'>φει·</span> <span class='ocrx_word' id='word_1_52' title='bbox 595 954 844 1032; x_wconf 79' lang='grc' dir='ltr'>ξούμεθ’·</span> <span class='ocrx_word' id='word_1_53' title='bbox 890 956 957 1016; x_wconf 84' lang='grc' dir='ltr'>οὐ</span> <span class='ocrx_word' id='word_1_54' title='bbox 986 951 1140 1015; x_wconf 85' lang='grc' dir='ltr'>τοῦθ’</span> <span class='ocrx_word' id='word_1_55' title='bbox 1178 952 1444 1015; x_wconf 82' lang='grc' dir='ltr'>ἱκέτευσα</span> <span class='ocrx_word' id='word_1_56' title='bbox 1476 956 1585 1014; x_wconf 91' lang='grc' dir='ltr'>σοῦ</span> <span class='ocrx_word' id='word_1_57' title='bbox 1608 958 1827 1032; x_wconf 82' lang='grc' dir='ltr'>τυχεῖν.</span> 
     </span>
     <span class='ocr_line' id='line_1_9' title="bbox 311 1033 1832 1118; baseline 0 -17"><span class='ocrx_word' id='word_1_58' title='bbox 311 1045 435 1104; x_wconf 88' lang='grc' dir='ltr'><strong>ΚΡ.</strong></span> <span class='ocrx_word' id='word_1_59' title='bbox 476 1043 537 1103; x_wconf 87' lang='grc' dir='ltr'>τί</span> <span class='ocrx_word' id='word_1_60' title='bbox 555 1040 601 1102; x_wconf 89' lang='grc' dir='ltr'>δ’</span> <span class='ocrx_word' id='word_1_61' title='bbox 636 1040 739 1101; x_wconf 91' lang='grc' dir='ltr'>ουν</span> <span class='ocrx_word' id='word_1_62' title='bbox 765 1038 965 1117; x_wconf 79' lang='grc' dir='ltr'>βιάζει</span> <span class='ocrx_word' id='word_1_63' title='bbox 995 1040 1132 1100; x_wconf 83' lang='grc' dir='ltr'>κούκ</span> <span class='ocrx_word' id='word_1_64' title='bbox 1163 1033 1549 1099; x_wconf 80' lang='grc' dir='ltr'>ἀπαλλάσσει</span> <span class='ocrx_word' id='word_1_65' title='bbox 1578 1038 1832 1118; x_wconf 86' lang='grc' dir='ltr'>χθονός;</span> 
     </span>
     <span class='ocr_line' id='line_1_10' title="bbox 313 1119 1578 1203; baseline -0.002 -17"><span class='ocrx_word' id='word_1_66' title='bbox 313 1129 461 1186; x_wconf 91' lang='grc' dir='ltr'>ΜΗ.</span> <span class='ocrx_word' id='word_1_67' title='bbox 474 1126 614 1203; x_wconf 92' lang='grc' dir='ltr'>μίαν</span> <span class='ocrx_word' id='word_1_68' title='bbox 639 1151 714 1202; x_wconf 95' lang='grc' dir='ltr'>με</span> <span class='ocrx_word' id='word_1_69' title='bbox 740 1131 934 1202; x_wconf 91' lang='grc' dir='ltr'>μεῖναι</span> <span class='ocrx_word' id='word_1_70' title='bbox 962 1120 1115 1197; x_wconf 88' lang='grc' dir='ltr'>τήνδ’</span> <span class='ocrx_word' id='word_1_71' title='bbox 1150 1121 1331 1185; x_wconf 84' lang='grc' dir='ltr'>ἔασον</span> <span class='ocrx_word' id='word_1_72' title='bbox 1358 1119 1578 1200; x_wconf 86' lang='grc' dir='ltr'>ἡμέραν</span> 
     </span>
     <span class='ocr_line' id='line_1_11' title="bbox 483 1203 1723 1314; baseline -0.002 -44"><span class='ocrx_word' id='word_1_73' title='bbox 483 1212 577 1272; x_wconf 86' lang='grc' dir='ltr'>καὶ</span> <span class='ocrx_word' id='word_1_74' title='bbox 606 1208 960 1287; x_wconf 78' lang='grc' dir='ltr'>ξυμπερᾶναι</span> <span class='ocrx_word' id='word_1_75' title='bbox 985 1205 1242 1314; x_wconf 85' lang='grc' dir='ltr'>φροντίδ’</span> <span class='ocrx_word' id='word_1_76' title='bbox 1274 1203 1310 1291; x_wconf 80' lang='grc' dir='ltr'>ῃ</span> <span class='ocrx_word' id='word_1_77' title='bbox 1337 1205 1723 1287; x_wconf 81' lang='grc' dir='ltr'>φευξούμεθα,</span> 
     </span>
     <span class='ocr_line' id='line_1_12' title="bbox 482 1291 1794 1382; baseline -0.003 -27"><span class='ocrx_word' id='word_1_78' title='bbox 482 1295 687 1356; x_wconf 92' lang='grc' dir='ltr'>παισίν</span> <span class='ocrx_word' id='word_1_79' title='bbox 707 1291 754 1355; x_wconf 86' lang='grc' dir='ltr'>τ’</span> <span class='ocrx_word' id='word_1_80' title='bbox 789 1291 1062 1373; x_wconf 78' lang='grc' dir='ltr'>ἀφορμὴν</span> <span class='ocrx_word' id='word_1_81' title='bbox 1090 1298 1211 1357; x_wconf 86' lang='grc' dir='ltr'>τοῖς</span> <span class='ocrx_word' id='word_1_82' title='bbox 1242 1292 1425 1368; x_wconf 77' lang='grc' dir='ltr'>ἐμοις,</span> <span class='ocrx_word' id='word_1_83' title='bbox 1459 1293 1584 1354; x_wconf 82' lang='grc' dir='ltr'>ἐπεὶ</span> <span class='ocrx_word' id='word_1_84' title='bbox 1606 1291 1794 1382; x_wconf 77' lang='grc' dir='ltr'>πατὴρ</span> 
     </span>
     <span class='ocr_line' id='line_1_13' title="bbox 483 1375 1673 1460; baseline 0.001 -21"><span class='ocrx_word' id='word_1_85' title='bbox 483 1379 650 1440; x_wconf 86' lang='grc' dir='ltr'>οὗδεν</span> <span class='ocrx_word' id='word_1_86' title='bbox 671 1387 924 1460; x_wconf 78' lang='grc' dir='ltr'>προτιμᾷ</span> <span class='ocrx_word' id='word_1_87' title='bbox 950 1375 1408 1458; x_wconf 87' lang='grc' dir='ltr'>μηχανήσασθαι</span> <span class='ocrx_word' id='word_1_88' title='bbox 1436 1375 1673 1440; x_wconf 87' lang='grc' dir='ltr'>τέκνοις.</span> 
     </span>
     <span class='ocr_line' id='line_1_14' title="bbox 485 1461 1905 1542; baseline -0.001 -18"><span class='ocrx_word' id='word_1_89' title='bbox 485 1466 729 1542; x_wconf 83' lang='grc' dir='ltr'>οἴκτειρε</span> <span class='ocrx_word' id='word_1_90' title='bbox 758 1464 809 1525; x_wconf 78' lang='grc' dir='ltr'>δ’</span> <span class='ocrx_word' id='word_1_91' title='bbox 842 1465 1071 1528; x_wconf 83' lang='grc' dir='ltr'>αὐτούς·</span> <span class='ocrx_word' id='word_1_92' title='bbox 1115 1464 1209 1524; x_wconf 86' lang='grc' dir='ltr'>καὶ</span> <span class='ocrx_word' id='word_1_93' title='bbox 1239 1461 1317 1523; x_wconf 95' lang='grc' dir='ltr'>σύ</span> <span class='ocrx_word' id='word_1_94' title='bbox 1346 1486 1437 1524; x_wconf 90' lang='grc' dir='ltr'>τοι</span> <span class='ocrx_word' id='word_1_95' title='bbox 1465 1462 1688 1524; x_wconf 87' lang='grc' dir='ltr'>παίδων</span> <span class='ocrx_word' id='word_1_96' title='bbox 1715 1463 1905 1540; x_wconf 77' lang='grc' dir='ltr'>πατὴρ</span> 
     </span>
     <span class='ocr_line' id='line_1_15' title="bbox 481 1543 1797 1628; baseline -0.002 -18"><span class='ocrx_word' id='word_1_97' title='bbox 481 1548 765 1628; x_wconf 82' lang='grc' dir='ltr'>πέφυκας</span> <span class='ocrx_word' id='word_1_98' title='bbox 813 1548 965 1612; x_wconf 83' lang='grc' dir='ltr'>εἰκὸς</span> <span class='ocrx_word' id='word_1_99' title='bbox 995 1545 1040 1608; x_wconf 86' lang='grc' dir='ltr'>δ’</span> <span class='ocrx_word' id='word_1_100' title='bbox 1076 1547 1238 1608; x_wconf 83' lang='grc' dir='ltr'>ἐστὶν</span> <span class='ocrx_word' id='word_1_101' title='bbox 1269 1546 1500 1610; x_wconf 81' lang='grc' dir='ltr'>εὔνοιάν</span> <span class='ocrx_word' id='word_1_102' title='bbox 1530 1543 1584 1606; x_wconf 93' lang='grc' dir='ltr'>σ’</span> <span class='ocrx_word' id='word_1_103' title='bbox 1619 1547 1797 1626; x_wconf 86' lang='grc' dir='ltr'>ἔχειν.</span> 
     </span>
     <span class='ocr_line' id='line_1_16' title="bbox 483 1627 1860 1711; baseline 0.001 -19"><span class='ocrx_word' id='word_1_104' title='bbox 483 1636 697 1711; x_wconf 83' lang='grc' dir='ltr'>τούμοῦ</span> <span class='ocrx_word' id='word_1_105' title='bbox 725 1635 837 1711; x_wconf 87' lang='grc' dir='ltr'>γαρ</span> <span class='ocrx_word' id='word_1_106' title='bbox 868 1659 936 1694; x_wconf 96' lang='grc' dir='ltr'>ου</span> <span class='ocrx_word' id='word_1_107' title='bbox 964 1657 1065 1709; x_wconf 92' lang='grc' dir='ltr'>μοι</span> <span class='ocrx_word' id='word_1_108' title='bbox 1095 1632 1354 1710; x_wconf 84' lang='grc' dir='ltr'>φροντὶς,</span> <span class='ocrx_word' id='word_1_109' title='bbox 1390 1634 1442 1694; x_wconf 81' lang='grc' dir='ltr'>εἰ</span> <span class='ocrx_word' id='word_1_110' title='bbox 1472 1627 1860 1711; x_wconf 82' lang='grc' dir='ltr'>φευξούμεθα,</span> 
     </span>
     <span class='ocr_line' id='line_1_17' title="bbox 484 1713 1759 1822; baseline -0.001 -46"><span class='ocrx_word' id='word_1_111' title='bbox 484 1721 705 1782; x_wconf 88' lang='grc' dir='ltr'>κείνους</span> <span class='ocrx_word' id='word_1_112' title='bbox 734 1721 797 1780; x_wconf 81' lang='grc' dir='ltr'>δὲ</span> <span class='ocrx_word' id='word_1_113' title='bbox 826 1716 1008 1778; x_wconf 89' lang='grc' dir='ltr'>κλαίω</span> <span class='ocrx_word' id='word_1_114' title='bbox 1040 1713 1310 1797; x_wconf 74' lang='grc' dir='ltr'>ξυμφορᾷ</span> <span class='ocrx_word' id='word_1_115' title='bbox 1347 1713 1759 1822; x_wconf 71' lang='grc' dir='ltr'>κεχρημένουὸ</span> 
     </span>
     <span class='ocr_line' id='line_1_18' title="bbox 316 1797 1627 1878; baseline 0.002 -19"><span class='ocrx_word' id='word_1_116' title='bbox 316 1803 432 1859; x_wconf 87' lang='grc' dir='ltr'>ΚΡ.</span> <span class='ocrx_word' id='word_1_117' title='bbox 476 1799 688 1875; x_wconf 87' lang='grc' dir='ltr'>ἥκιστα</span> <span class='ocrx_word' id='word_1_118' title='bbox 717 1799 931 1878; x_wconf 82' lang='grc' dir='ltr'>τούμὸν</span> <span class='ocrx_word' id='word_1_119' title='bbox 958 1800 1093 1875; x_wconf 86' lang='grc' dir='ltr'>λῆμ’</span> <span class='ocrx_word' id='word_1_120' title='bbox 1127 1799 1242 1876; x_wconf 85' lang='grc' dir='ltr'>ἔφυ</span> <span class='ocrx_word' id='word_1_121' title='bbox 1272 1797 1627 1878; x_wconf 80' lang='grc' dir='ltr'>τυραννικὸν,</span> 
     </span>
     <span class='ocr_line' id='line_1_19' title="bbox 486 1882 1576 1962; baseline -0.001 -15"><span class='ocrx_word' id='word_1_122' title='bbox 486 1885 823 1961; x_wconf 82' lang='grc' dir='ltr'>αἰδούμενος</span> <span class='ocrx_word' id='word_1_123' title='bbox 852 1887 914 1946; x_wconf 78' lang='grc' dir='ltr'>δὲ</span> <span class='ocrx_word' id='word_1_124' title='bbox 944 1886 1143 1944; x_wconf 79' lang='grc' dir='ltr'>πολλὰ</span> <span class='ocrx_word' id='word_1_125' title='bbox 1174 1882 1243 1959; x_wconf 82' lang='grc' dir='ltr'>δὴ</span> <span class='ocrx_word' id='word_1_126' title='bbox 1276 1883 1576 1962; x_wconf 90' lang='grc' dir='ltr'>διέφθορα·</span> 
     </span>
     <span class='ocr_line' id='line_1_20' title="bbox 486 1965 1664 2049; baseline 0.001 -20"><span class='ocrx_word' id='word_1_127' title='bbox 486 1970 579 2030; x_wconf 88' lang='grc' dir='ltr'>καὶ</span> <span class='ocrx_word' id='word_1_128' title='bbox 608 1974 712 2031; x_wconf 88' lang='grc' dir='ltr'>νῦν</span> <span class='ocrx_word' id='word_1_129' title='bbox 739 1971 849 2049; x_wconf 85' lang='grc' dir='ltr'>ὁρῶ</span> <span class='ocrx_word' id='word_1_130' title='bbox 878 1969 987 2047; x_wconf 77' lang='grc' dir='ltr'>μὲν</span> <span class='ocrx_word' id='word_1_131' title='bbox 1011 1965 1437 2047; x_wconf 77' lang='grc' dir='ltr'>ἐξαμαρτάνων,</span> <span class='ocrx_word' id='word_1_132' title='bbox 1473 1967 1664 2049; x_wconf 81' lang='grc' dir='ltr'>γύναι,</span> 
     </span>
     <span class='ocr_line' id='line_1_21' title="bbox 488 2052 1791 2133; baseline 0.002 -20"><span class='ocrx_word' id='word_1_133' title='bbox 488 2054 643 2131; x_wconf 82' lang='grc' dir='ltr'>ὅμως</span> <span class='ocrx_word' id='word_1_134' title='bbox 673 2057 735 2117; x_wconf 79' lang='grc' dir='ltr'>δὲ</span> <span class='ocrx_word' id='word_1_135' title='bbox 764 2053 950 2131; x_wconf 78' lang='grc' dir='ltr'>τεύξει</span> <span class='ocrx_word' id='word_1_136' title='bbox 979 2057 1169 2117; x_wconf 89' lang='grc' dir='ltr'>τοῦδε·</span> <span class='ocrx_word' id='word_1_137' title='bbox 1212 2053 1550 2133; x_wconf 84' lang='grc' dir='ltr'>προύννέπω</span> <span class='ocrx_word' id='word_1_138' title='bbox 1581 2052 1645 2115; x_wconf 91' lang='grc' dir='ltr'>δέ</span> <span class='ocrx_word' id='word_1_139' title='bbox 1674 2079 1791 2126; x_wconf 92' lang='grc' dir='ltr'>σοι,</span> 
     </span>
     <span class='ocr_line' id='line_1_22' title="bbox 488 2137 1640 2220; baseline 0.002 -20"><span class='ocrx_word' id='word_1_140' title='bbox 488 2143 542 2202; x_wconf 75' lang='grc' dir='ltr'>εἴ</span> <span class='ocrx_word' id='word_1_141' title='bbox 569 2137 623 2200; x_wconf 91' lang='grc' dir='ltr'>σ’</span> <span class='ocrx_word' id='word_1_142' title='bbox 656 2141 692 2216; x_wconf 97' lang='grc' dir='ltr'>ἡ</span> <span class='ocrx_word' id='word_1_143' title='bbox 721 2137 959 2202; x_wconf 83' lang='grc' dir='ltr'>’πιοῦσα</span> <span class='ocrx_word' id='word_1_144' title='bbox 988 2140 1222 2218; x_wconf 79' lang='grc' dir='ltr'>λαμπὰς</span> <span class='ocrx_word' id='word_1_145' title='bbox 1254 2140 1471 2220; x_wconf 80' lang='grc' dir='ltr'>ὄψεται</span> <span class='ocrx_word' id='word_1_146' title='bbox 1502 2144 1640 2202; x_wconf 87' lang='grc' dir='ltr'>θεοῦ</span> 
     </span>
     <span class='ocr_line' id='line_1_23' title="bbox 488 2223 1800 2305; baseline 0.004 -20"><span class='ocrx_word' id='word_1_147' title='bbox 488 2224 581 2286; x_wconf 85' lang='grc' dir='ltr'>καὶ</span> <span class='ocrx_word' id='word_1_148' title='bbox 611 2228 821 2289; x_wconf 88' lang='grc' dir='ltr'>παῖδας</span> <span class='ocrx_word' id='word_1_149' title='bbox 850 2223 1221 2301; x_wconf 77' lang='grc' dir='ltr'>ἐντὸςτῆσδε</span> <span class='ocrx_word' id='word_1_150' title='bbox 1243 2225 1541 2303; x_wconf 88' lang='grc' dir='ltr'>τερμόνων</span> <span class='ocrx_word' id='word_1_151' title='bbox 1567 2224 1800 2305; x_wconf 85' lang='grc' dir='ltr'>χθονὸς,</span> 
     </span>
     <span class='ocr_line' id='line_1_24' title="bbox 487 2309 1847 2388; baseline 0.004 -20"><span class='ocrx_word' id='word_1_152' title='bbox 487 2313 668 2371; x_wconf 89' lang='grc' dir='ltr'>θανεῖ·</span> <span class='ocrx_word' id='word_1_153' title='bbox 714 2309 988 2372; x_wconf 87' lang='grc' dir='ltr'>λέλεκται</span> <span class='ocrx_word' id='word_1_154' title='bbox 1011 2313 1199 2388; x_wconf 83' lang='grc' dir='ltr'>μῦθος</span> <span class='ocrx_word' id='word_1_155' title='bbox 1230 2311 1490 2388; x_wconf 79' lang='grc' dir='ltr'>ἀψευδὴς</span> <span class='ocrx_word' id='word_1_156' title='bbox 1521 2311 1638 2372; x_wconf 85' lang='grc' dir='ltr'>ὅδε.</span> <span class='ocrx_word' id='word_1_157' title='bbox 1842 2368 1847 2373; x_wconf 88' lang='grc'>.</span> 
     </span>
     <span class='ocr_line' id='line_1_25' title="bbox 485 2391 1887 2470; baseline 0.001 -15"><span class='ocrx_word' id='word_1_158' title='bbox 485 2397 588 2455; x_wconf 84' lang='grc' dir='ltr'>νῦν</span> <span class='ocrx_word' id='word_1_159' title='bbox 618 2392 688 2469; x_wconf 88' lang='grc' dir='ltr'>δ’,</span> <span class='ocrx_word' id='word_1_160' title='bbox 723 2397 776 2456; x_wconf 82' lang='grc' dir='ltr'>εἰ</span> <span class='ocrx_word' id='word_1_161' title='bbox 804 2392 999 2470; x_wconf 90' lang='grc' dir='ltr'>μένειν</span> <span class='ocrx_word' id='word_1_162' title='bbox 1028 2397 1133 2462; x_wconf 85' lang='grc' dir='ltr'>δεῖ,</span> <span class='ocrx_word' id='word_1_163' title='bbox 1168 2391 1324 2470; x_wconf 89' lang='grc' dir='ltr'>μίμν’</span> <span class='ocrx_word' id='word_1_164' title='bbox 1361 2391 1453 2470; x_wconf 81' lang='grc' dir='ltr'>ἐφ’</span> <span class='ocrx_word' id='word_1_165' title='bbox 1487 2392 1708 2470; x_wconf 87' lang='grc' dir='ltr'>ἡμέραν</span> <span class='ocrx_word' id='word_1_166' title='bbox 1729 2396 1887 2470; x_wconf 87' lang='grc' dir='ltr'>μίαν·</span> 
     </span>
     <span class='ocr_line' id='line_1_26' title="bbox 489 2473 1873 2557; baseline 0.002 -21"><span class='ocrx_word' id='word_1_167' title='bbox 489 2476 556 2536; x_wconf 88' lang='grc' dir='ltr'>οὗ</span> <span class='ocrx_word' id='word_1_168' title='bbox 585 2474 700 2557; x_wconf 86' lang='grc' dir='ltr'>γάρ</span> <span class='ocrx_word' id='word_1_169' title='bbox 732 2500 787 2537; x_wconf 93' lang='grc' dir='ltr'>τι</span> <span class='ocrx_word' id='word_1_170' title='bbox 818 2474 1056 2554; x_wconf 89' lang='grc' dir='ltr'>δράσεις</span> <span class='ocrx_word' id='word_1_171' title='bbox 1086 2475 1277 2538; x_wconf 86' lang='grc' dir='ltr'>δεινὸν</span> <span class='ocrx_word' id='word_1_172' title='bbox 1302 2477 1381 2537; x_wconf 82' lang='grc' dir='ltr'>ὧν</span> <span class='ocrx_word' id='word_1_173' title='bbox 1411 2475 1606 2554; x_wconf 87' lang='grc' dir='ltr'>φόβος</span> <span class='ocrx_word' id='word_1_174' title='bbox 1635 2473 1692 2551; x_wconf 89' lang='grc' dir='ltr'>μ’</span> <span class='ocrx_word' id='word_1_175' title='bbox 1728 2476 1873 2555; x_wconf 83' lang='grc' dir='ltr'>ἔχει.</span> 
     </span>
     <span class='ocr_line' id='line_1_27' title="bbox 318 2559 956 2637; baseline 0.005 -20"><span class='ocrx_word' id='word_1_176' title='bbox 318 2561 451 2620; x_wconf 90' lang='grc' dir='ltr'>ΧΟ.</span> <span class='ocrx_word' id='word_1_177' title='bbox 486 2561 737 2623; x_wconf 82' lang='grc' dir='ltr'>δύστανε</span> <span class='ocrx_word' id='word_1_178' title='bbox 765 2559 956 2637; x_wconf 80' lang='grc' dir='ltr'>γύναι,</span> 
     </span>
     <span class='ocr_line' id='line_1_28' title="bbox 488 2642 1519 2724; baseline -0.002 -19"><span class='ocrx_word' id='word_1_179' title='bbox 488 2650 603 2722; x_wconf 89' lang='grc' dir='ltr'>φεῦ</span> <span class='ocrx_word' id='word_1_180' title='bbox 633 2649 767 2723; x_wconf 83' lang='grc' dir='ltr'>φεῦ,</span> <span class='ocrx_word' id='word_1_181' title='bbox 796 2643 980 2723; x_wconf 88' lang='grc' dir='ltr'>μελέα</span> <span class='ocrx_word' id='word_1_182' title='bbox 1006 2648 1121 2706; x_wconf 87' lang='grc' dir='ltr'>τῶν</span> <span class='ocrx_word' id='word_1_183' title='bbox 1150 2647 1274 2705; x_wconf 91' lang='grc' dir='ltr'>σῶν</span> <span class='ocrx_word' id='word_1_184' title='bbox 1303 2642 1519 2724; x_wconf 84' lang='grc' dir='ltr'>ἀχέων.</span> 
     </span>
     <span class='ocr_line' id='line_1_29' title="bbox 489 2727 1577 2808; baseline 0.002 -18"><span class='ocrx_word' id='word_1_185' title='bbox 489 2734 595 2790; x_wconf 89' lang='grc' dir='ltr'>ποῖ</span> <span class='ocrx_word' id='word_1_186' title='bbox 619 2754 763 2791; x_wconf 90' lang='grc' dir='ltr'>ποτε</span> <span class='ocrx_word' id='word_1_187' title='bbox 792 2727 1004 2808; x_wconf 79' lang='grc' dir='ltr'>τρέψει</span> <span class='ocrx_word' id='word_1_188' title='bbox 1024 2754 1044 2806; x_wconf 81' lang='lat'><em>3</em></span> <span class='ocrx_word' id='word_1_189' title='bbox 1089 2729 1219 2794; x_wconf 75' lang='grc' dir='ltr'>τίνα</span> <span class='ocrx_word' id='word_1_190' title='bbox 1246 2728 1577 2807; x_wconf 80' lang='grc' dir='ltr'>προξενίαν,</span> 
     </span>
     <span class='ocr_line' id='line_1_30' title="bbox 486 2812 1520 2896; baseline -0.001 -19"><span class='ocrx_word' id='word_1_191' title='bbox 486 2812 522 2890; x_wconf 87' lang='grc' dir='ltr'>ἢ</span> <span class='ocrx_word' id='word_1_192' title='bbox 555 2815 751 2894; x_wconf 84' lang='grc' dir='ltr'>δόμον,</span> <span class='ocrx_word' id='word_1_193' title='bbox 780 2812 817 2890; x_wconf 83' lang='grc' dir='ltr'>ἢ</span> <span class='ocrx_word' id='word_1_194' title='bbox 846 2816 1036 2896; x_wconf 89' lang='grc' dir='ltr'>χθόνα</span> <span class='ocrx_word' id='word_1_195' title='bbox 1067 2817 1302 2893; x_wconf 87' lang='grc' dir='ltr'>σωτῆρα</span> <span class='ocrx_word' id='word_1_196' title='bbox 1332 2818 1520 2877; x_wconf 79' lang='grc' dir='ltr'>κακῶν</span> 
     </span>
     <span class='ocr_line' id='line_1_31' title="bbox 490 2897 855 2980; baseline 0.011 -20"><span class='ocrx_word' id='word_1_197' title='bbox 490 2897 855 2980; x_wconf 78' lang='grc' dir='ltr'>ἐξευρήσεις;</span> 
     </span>
     <span class='ocr_line' id='line_1_32' title="bbox 383 2985 1509 3064; baseline 0.004 -19"><span class='ocrx_word' id='word_1_198' title='bbox 383 3040 390 3045; x_wconf 80' lang='grc'>,</span> <span class='ocrx_word' id='word_1_199' title='bbox 491 2985 566 3049; x_wconf 83' lang='grc' dir='ltr'>ὡς</span> <span class='ocrx_word' id='word_1_200' title='bbox 599 2986 683 3050; x_wconf 82' lang='grc' dir='ltr'>εἷς</span> <span class='ocrx_word' id='word_1_201' title='bbox 711 2985 933 3064; x_wconf 83' lang='grc' dir='ltr'>ἄπορόν</span> <span class='ocrx_word' id='word_1_202' title='bbox 963 3010 1034 3047; x_wconf 90' lang='grc' dir='ltr'>σε</span> <span class='ocrx_word' id='word_1_203' title='bbox 1065 2985 1329 3048; x_wconf 90' lang='grc' dir='ltr'>κλύδωνα</span> <span class='ocrx_word' id='word_1_204' title='bbox 1360 2985 1509 3053; x_wconf 84' lang='grc' dir='ltr'>θεὸς,</span> 
     </span>
     <span class='ocr_line' id='line_1_33' title="bbox 399 3067 1298 3147; baseline -0.002 -15"><span class='ocrx_word' id='word_1_205' title='bbox 399 3127 404 3132; x_wconf 92' lang='grc'>.</span> <span class='ocrx_word' id='word_1_206' title='bbox 490 3067 742 3144; x_wconf 85' lang='grc' dir='ltr'>Μήδεια,</span> <span class='ocrx_word' id='word_1_207' title='bbox 779 3073 967 3132; x_wconf 81' lang='grc' dir='ltr'>κακῶν</span> <span class='ocrx_word' id='word_1_208' title='bbox 996 3070 1298 3147; x_wconf 79' lang='grc' dir='ltr'>ἐπόρευσε.</span> 
     </span>
     <span class='ocr_line' id='line_1_34' title="bbox 321 3153 1782 3232; baseline 0.003 -22"><span class='ocrx_word' id='word_1_209' title='bbox 321 3153 470 3210; x_wconf 89' lang='grc' dir='ltr'><strong>ΜΗ.</strong></span> <span class='ocrx_word' id='word_1_210' title='bbox 491 3159 679 3219; x_wconf 85' lang='grc' dir='ltr'>κακῶς</span> <span class='ocrx_word' id='word_1_211' title='bbox 707 3154 1030 3232; x_wconf 86' lang='grc' dir='ltr'>πέπρακται</span> <span class='ocrx_word' id='word_1_212' title='bbox 1060 3156 1350 3232; x_wconf 88' lang='grc' dir='ltr'>πανταχῆ·</span> <span class='ocrx_word' id='word_1_213' title='bbox 1397 3153 1544 3217; x_wconf 77' lang='grc' dir='ltr'>τίς’</span> <span class='ocrx_word' id='word_1_214' title='bbox 1515 3158 1782 3232; x_wconf 83' lang='grc' dir='ltr'>αντερεῖ;</span> 
     </span>
     <span class='ocr_line' id='line_1_35' title="bbox 490 3233 1722 3321; baseline 0 -24"><span class='ocrx_word' id='word_1_215' title='bbox 490 3238 631 3297; x_wconf 76' lang='grc' dir='ltr'>ἀλλ’</span> <span class='ocrx_word' id='word_1_216' title='bbox 663 3238 787 3299; x_wconf 91' lang='grc' dir='ltr'>ουτι</span> <span class='ocrx_word' id='word_1_217' title='bbox 816 3237 992 3321; x_wconf 87' lang='grc' dir='ltr'>ταύτῃ</span> <span class='ocrx_word' id='word_1_218' title='bbox 1022 3237 1328 3314; x_wconf 84' lang='grc' dir='ltr'>ταῦτα,μὴ</span> <span class='ocrx_word' id='word_1_219' title='bbox 1360 3233 1582 3299; x_wconf 82' lang='grc' dir='ltr'>δοκεῖτέ</span> <span class='ocrx_word' id='word_1_220' title='bbox 1610 3261 1722 3300; x_wconf 88' lang='grc' dir='ltr'>πω.</span> 
     </span>
     <span class='ocr_line' id='line_1_36' title="bbox 488 3301 1682 3402; baseline 0.003 -19"><span class='ocrx_word' id='word_1_221' title='bbox 488 3320 567 3383; x_wconf 85' lang='grc' dir='ltr'>ἔτ’</span> <span class='ocrx_word' id='word_1_222' title='bbox 602 3322 710 3382; x_wconf 84' lang='grc' dir='ltr'>εἵσ’</span> <span class='ocrx_word' id='word_1_223' title='bbox 743 3301 972 3402; x_wconf 82' lang='grc' dir='ltr'>ἀγῶνες</span> <span class='ocrx_word' id='word_1_224' title='bbox 993 3326 1116 3386; x_wconf 88' lang='grc' dir='ltr'>τοῖς</span> <span class='ocrx_word' id='word_1_225' title='bbox 1145 3323 1357 3385; x_wconf 85' lang='grc' dir='ltr'>νεωστὶ</span> <span class='ocrx_word' id='word_1_226' title='bbox 1393 3321 1682 3400; x_wconf 88' lang='grc' dir='ltr'>νυμφίοις,</span> 
     </span>
     <span class='ocr_line' id='line_1_37' title="bbox 490 3405 1729 3486; baseline 0.001 -20"><span class='ocrx_word' id='word_1_227' title='bbox 490 3406 585 3469; x_wconf 85' lang='grc' dir='ltr'>καὶ</span> <span class='ocrx_word' id='word_1_228' title='bbox 614 3409 770 3467; x_wconf 89' lang='grc' dir='ltr'>τοῖσι</span> <span class='ocrx_word' id='word_1_229' title='bbox 801 3405 1154 3480; x_wconf 90' lang='grc' dir='ltr'>κηδεύσασιν</span> <span class='ocrx_word' id='word_1_230' title='bbox 1184 3406 1253 3468; x_wconf 83' lang='grc' dir='ltr'>οὗ</span> <span class='ocrx_word' id='word_1_231' title='bbox 1284 3407 1514 3486; x_wconf 86' lang='grc' dir='ltr'>σμικροὶ</span> <span class='ocrx_word' id='word_1_232' title='bbox 1542 3405 1729 3471; x_wconf 89' lang='grc' dir='ltr'>πόνοι.</span> 
     </span>
     <span class='ocr_line' id='line_1_38' title="bbox 488 3490 1730 3570; baseline 0.001 -18"><span class='ocrx_word' id='word_1_233' title='bbox 488 3495 676 3554; x_wconf 85' lang='grc' dir='ltr'>δοκεῖς</span> <span class='ocrx_word' id='word_1_234' title='bbox 705 3492 817 3570; x_wconf 74' lang='grc' dir='ltr'>γὰρ</span> <span class='ocrx_word' id='word_1_235' title='bbox 839 3492 911 3552; x_wconf 82' lang='grc' dir='ltr'>ἄν</span> <span class='ocrx_word' id='word_1_236' title='bbox 937 3515 1010 3569; x_wconf 90' lang='grc' dir='ltr'>με</span> <span class='ocrx_word' id='word_1_237' title='bbox 1040 3490 1208 3553; x_wconf 90' lang='grc' dir='ltr'>τόνδε</span> <span class='ocrx_word' id='word_1_238' title='bbox 1215 3490 1546 3554; x_wconf 82' lang='grc' dir='ltr'>“θωπεῦσαί</span> <span class='ocrx_word' id='word_1_239' title='bbox 1568 3514 1730 3568; x_wconf 89' lang='grc' dir='ltr'>ποτε,</span> 
     </span>
     <span class='ocr_line' id='line_1_39' title="bbox 490 3572 1684 3655; baseline -0.002 -17"><span class='ocrx_word' id='word_1_240' title='bbox 490 3577 543 3638; x_wconf 86' lang='grc' dir='ltr'>εἰ</span> <span class='ocrx_word' id='word_1_241' title='bbox 573 3574 651 3653; x_wconf 86' lang='grc' dir='ltr'>μή</span> <span class='ocrx_word' id='word_1_242' title='bbox 682 3600 740 3639; x_wconf 88' lang='grc' dir='ltr'>τι</span> <span class='ocrx_word' id='word_1_243' title='bbox 769 3575 1183 3655; x_wconf 90' lang='grc' dir='ltr'>κερδαίνουσαν</span> <span class='ocrx_word' id='word_1_244' title='bbox 1210 3572 1247 3649; x_wconf 87' lang='grc' dir='ltr'>ἢ</span> <span class='ocrx_word' id='word_1_245' title='bbox 1279 3572 1684 3654; x_wconf 76' lang='grc' dir='ltr'>τεχνωμένην;</span> 
     </span>
     <span class='ocr_line' id='line_1_40' title="bbox 490 3657 1852 3744; baseline 0.003 -24"><span class='ocrx_word' id='word_1_246' title='bbox 490 3659 615 3720; x_wconf 81' lang='grc' dir='ltr'>οὐδ’</span> <span class='ocrx_word' id='word_1_247' title='bbox 647 3657 719 3722; x_wconf 78' lang='grc' dir='ltr'>ἂν</span> <span class='ocrx_word' id='word_1_248' title='bbox 746 3665 1069 3740; x_wconf 80' lang='grc' dir='ltr'>προσεῖπον</span> <span class='ocrx_word' id='word_1_249' title='bbox 1098 3658 1220 3721; x_wconf 80' lang='grc' dir='ltr'>οὐδ’</span> <span class='ocrx_word' id='word_1_250' title='bbox 1254 3661 1326 3721; x_wconf 85' lang='grc' dir='ltr'>ἂν</span> <span class='ocrx_word' id='word_1_251' title='bbox 1353 3657 1602 3739; x_wconf 80' lang='grc' dir='ltr'>ἡψάμην</span> <span class='ocrx_word' id='word_1_252' title='bbox 1625 3666 1852 3744; x_wconf 83' lang='grc' dir='ltr'>χεροῖν.</span> 
     </span>
    </p>
   </div>
   <div class='ocr_carea' id='block_1_3' title="bbox 2177 715 2278 765">
    <p class='ocr_par' dir='ltr' id='par_1_3' title="bbox 2177 715 2278 765">
     <span class='ocr_line' id='line_1_41' title="bbox 2177 715 2278 765; baseline 0.02 -2"><span class='ocrx_word' id='word_1_253' title='bbox 2177 715 2278 765; x_wconf 75' lang='lat'>3³⁵</span> 
     </span>
    </p>
   </div>
   <div class='ocr_carea' id='block_1_4' title="bbox 2175 1139 2283 1185">
    <p class='ocr_par' dir='ltr' id='par_1_4' title="bbox 2175 1139 2283 1185">
     <span class='ocr_line' id='line_1_42' title="bbox 2175 1139 2283 1185; baseline 0 0"><span class='ocrx_word' id='word_1_254' title='bbox 2175 1139 2283 1185; x_wconf 76' lang='lat'>³40</span> 
     </span>
    </p>
   </div>
   <div class='ocr_carea' id='block_1_5' title="bbox 2178 1563 2280 1608">
    <p class='ocr_par' dir='ltr' id='par_1_5' title="bbox 2178 1563 2280 1608">
     <span class='ocr_line' id='line_1_43' title="bbox 2178 1563 2280 1608; baseline 0 0"><span class='ocrx_word' id='word_1_255' title='bbox 2178 1563 2280 1608; x_wconf 81' lang='lat'>345</span> 
     </span>
    </p>
   </div>
   <div class='ocr_carea' id='block_1_6' title="bbox 2180 1978 2305 2032">
    <p class='ocr_par' dir='ltr' id='par_1_6' title="bbox 2180 1978 2305 2032">
     <span class='ocr_line' id='line_1_44' title="bbox 2180 1978 2305 2032; baseline 0 0"><span class='ocrx_word' id='word_1_256' title='bbox 2180 1978 2305 2032; x_wconf 31' lang='lat'>350⁴</span> 
     </span>
    </p>
   </div>
   <div class='ocr_carea' id='block_1_7' title="bbox 2183 2408 2283 2459">
    <p class='ocr_par' dir='ltr' id='par_1_7' title="bbox 2183 2408 2283 2459">
     <span class='ocr_line' id='line_1_45' title="bbox 2183 2408 2283 2459; baseline -0.02 0"><span class='ocrx_word' id='word_1_257' title='bbox 2183 2408 2283 2459; x_wconf 79' lang='lat'>:³55</span> 
     </span>
    </p>
   </div>
   <div class='ocr_carea' id='block_1_8' title="bbox 2184 2827 2286 2879">
    <p class='ocr_par' dir='ltr' id='par_1_8' title="bbox 2184 2827 2286 2879">
     <span class='ocr_line' id='line_1_46' title="bbox 2184 2827 2286 2879; baseline 0 0"><span class='ocrx_word' id='word_1_258' title='bbox 2184 2827 2286 2879; x_wconf 82' lang='lat'>360</span> 
     </span>
    </p>
   </div>
   <div class='ocr_carea' id='block_1_9' title="bbox 2185 3251 2287 3303">
    <p class='ocr_par' dir='ltr' id='par_1_9' title="bbox 2185 3251 2287 3303">
     <span class='ocr_line' id='line_1_47' title="bbox 2185 3251 2287 3303; baseline -0.01 0"><span class='ocrx_word' id='word_1_259' title='bbox 2185 3251 2287 3303; x_wconf 80' lang='lat'>365</span> 
     </span>
    </p>
   </div>
   <div class='ocr_carea' id='block_1_10' title="bbox 2179 3678 2285 3732">
    <p class='ocr_par' dir='ltr' id='par_1_10' title="bbox 2179 3678 2285 3732">
     <span class='ocr_line' id='line_1_48' title="bbox 2179 3678 2285 3732; baseline 0.019 -4"><span class='ocrx_word' id='word_1_260' title='bbox 2179 3678 2285 3732; x_wconf 83' lang='grc'>370</span> 
     </span>
    </p>
   </div>
   <div class='ocr_carea' id='block_1_11' title="bbox 2485 587 2488 2117">
    <p class='ocr_par' dir='ltr' id='par_1_11' title="bbox 2485 587 2488 2117">
     <span class='ocr_line' id='line_1_49' title="bbox 2485 587 2488 2117; baseline 0 0"><span class='ocrx_word' id='word_1_261' title='bbox 2485 587 2488 2117; x_wconf 95' lang='lat' dir='ltr'> </span> 
     </span>
    </p>
   </div>
   <div class='ocr_carea' id='block_1_12' title="bbox 2486 3140 2488 3677">
    <p class='ocr_par' dir='ltr' id='par_1_12' title="bbox 2486 3140 2488 3677">
     <span class='ocr_line' id='line_1_50' title="bbox 2486 3140 2488 3677; baseline 0 0"><span class='ocrx_word' id='word_1_262' title='bbox 2486 3140 2488 3677; x_wconf 95' lang='lat' dir='ltr'> </span> 
     </span>
    </p>
   </div>
  </div>
 </body>
</html>
