2492 4092
1176 350 1390 392 EKABH.

476 481 702 562 σφαξαι
732 481 877 562 πρὸς
908 480 1082 562 ὀρθὸν
1109 484 1264 562 χῶμ’
1295 483 1649 565 Ἀχιλλείου
1676 481 1893 564 τάφου.

470 568 619 646 ἡμᾶς
650 570 715 631 δὲ
735 566 1000 647 πομποὺς
1024 568 1117 629 καὶ
1150 572 1506 648 κομιστῆρας
1537 569 1711 649 κόρης

469 653 798 716 τάσσουσιν
828 651 993 716 εἶναι·
1043 653 1293 729 θύματος
1323 655 1375 715 δ’
1409 652 1728 731 ἐπιστάτης

472 740 653 817 ἱερεύς
682 739 735 799 τ’
769 735 987 814 ἐπέστη
1017 741 1188 800 τοῦδε
1215 743 1353 803 παῖς
1380 737 1733 818 Ἀχιλλέως.

469 823 625 935 οἶσθ’
658 822 760 884 ουν
788 821 820 883 ὃ
850 825 1102 903 δρᾶσον,
1146 822 1282 900 μήτ)
1314 824 1707 908 ἆποσπασθῇς
1735 823 1845 906 βίᾳ

466 906 599 985 μήτ’
633 909 692 974 ἐς
720 912 912 987 χερῶν
940 905 1201 986 ἅμιλλαν
1231 905 1472 992 ἐξέλθῃς
1504 910 1651 986 ἐμοί·

472 992 767 1072 γίγνωσκε
794 993 846 1055 δ’
878 990 1066 1068 ἆλκην
1095 994 1188 1057 καὶ
1217 993 1545 1072 παρουσίαν
1565 1000 1753 1056 κακῶν

468 1081 583 1141 τῶν
611 1082 752 1140 σῶν.
799 1079 996 1156 σοφόν
1023 1102 1115 1140 τοι
1144 1080 1251 1140 κάν
1281 1083 1476 1143 κακοῖς
1506 1079 1544 1140 δι
1575 1083 1669 1141 δεῖ
1693 1083 1955 1158 φρονεῖν.

301 1164 427 1221 ΕΚ.
469 1163 614 1223 αἰαῖ·
661 1161 985 1243 παρέστηχ)
988 1208 1006 1233 ,
1047 1161 1122 1226 ὡς
1153 1161 1315 1233 ἔοικ’,
1340 1164 1499 1242 ἀγὼν
1525 1161 1726 1241 μέγας,

471 1245 696 1325 πλήρης
727 1253 1072 1324 στεναγμῶν
1102 1247 1233 1309 οὐδὲ
1256 1250 1517 1326 δακρύων
1548 1248 1729 1313 κενός.

471 1330 627 1408 κᾶγὼ
657 1332 769 1409 γὰρ
799 1329 903 1391 οὐκ
933 1331 1220 1406 ἔθνησκον
1249 1332 1316 1392 οὗ
1346 1332 1407 1409 μ’
1435 1334 1615 1412 ἐχρῆν
1644 1332 1863 1411 θανεῖν,

472 1414 589 1477 οὐδ’
626 1412 850 1476 ὥλεσέν
876 1440 952 1493 με
976 1414 1148 1483 Ζεὺς,
1182 1414 1387 1494 τρέφει
1411 1414 1481 1487 δ’,
1509 1418 1666 1482 ὅπως
1695 1419 1809 1496 ὁρῶ

473 1504 662 1563 κακῶν
691 1496 811 1561 κάκ’
845 1499 1006 1561 ἄλλα
1033 1498 1251 1576 μείζον’
1281 1499 1318 1576 ἡ
1349 1498 1577 1563 τάλαιν’
1612 1501 1746 1579 ἐγῶ.

469 1587 523 1648 εἰ
552 1586 604 1646 δ’
638 1582 767 1647 ἔστι
796 1589 917 1662 τοῖς
938 1585 1206 1647 δούλοισι
1234 1586 1369 1650 τοὺς
1393 1584 1734 1666 ἐλευθέρους

470 1668 550 1749 μὴ
583 1670 776 1749 λυπρὰ
802 1671 950 1746 μηδὲ
980 1670 1212 1749 καρδίας
1242 1668 1518 1750 δηκτήρια

468 1752 864 1833 ἐξιστορῆσαι,
895 1753 993 1816 σοὶ
1020 1754 1129 1831 μὲν
1159 1757 1426 1835 εἰρῆσθαι
1453 1755 1667 1836 χρεὼν,

465 1840 614 1919 ἡμᾶς
644 1841 696 1901 δ’
729 1841 975 1902 ἀκοῦσαι
1004 1838 1137 1904 τοὺς
1168 1841 1503 1918 ἐρωτῶντας
1533 1839 1689 1904 τάδε.

299 1929 434 1987 ΟΔ.
476 1923 693 2000 ἔξεστ’,
725 1924 934 2003 ἐρώτα·
978 1928 1082 1987 τοῦ
1109 1924 1326 2006 χρόνου
1356 1928 1467 2005 γὰρ
1499 1925 1567 1987 οὗ
1602 1930 1826 2006 φθονῶ.

303 2013 428 2074 ΕΚ.
472 2010 628 2071 οἶσθ’
657 2008 805 2084 ἡνίκ’
831 2009 1009 2086 ἦλθες
1035 2008 1221 2071 Ἰλίου
1253 2008 1641 2088 κατάσκοπος,

469 2092 816 2174 δυσχλαινίᾳ
844 2092 897 2153 τ’
928 2093 1214 2172 ἄμορφος,
1251 2092 1526 2171 ὀμμάτων
1549 2095 1600 2156 τ’
1634 2096 1750 2157 ἄπο

471 2177 658 2255 φόνου
688 2179 1021 2255 σταλαγμοὶ
1051 2176 1166 2252 σὴν
1196 2177 1549 2252 κατέσταζον
1576 2177 1785 2257 γένυν,
1770 2206 1784 2218 ·

300 2268 434 2325 ΟΔ.
471 2261 608 2323 οἶδ’·
639 2261 706 2322 οὗ
735 2262 847 2341 γὰρ
879 2261 1055 2340 ἄκρας
1088 2263 1322 2341 καρδίας
1354 2261 1587 2341 ἔψαυσέ
1613 2287 1743 2341 μου.

300 2353 429 2410 ΕΚ.
473 2346 623 2425 ἔγνω
646 2343 711 2407 δέ
731 2345 791 2405 σ’
816 2343 1051 2421 Ἑλένη,
1087 2348 1182 2408 καὶ
1199 2371 1349 2431 μονη
1382 2347 1607 2409 κατεῖπ’
1640 2350 1805 2426 ἐμοί;

299 2436 437 2494 ΟΔ.
473 2428 788 2510 μεμνήμεθ’
823 2431 882 2497 ἐς
913 2430 1174 2495 κίνδυνον
1203 2433 1473 2496 ἐλθόντες
1500 2429 1703 2510 μέγαν.

300 2520 426 2579 ΕΚ.
474 2516 614 2595 ἥψω
647 2516 710 2577 δὲ
737 2514 1003 2596 γονάτων
1029 2521 1147 2580 τῶν
1176 2518 1331 2595 ἐμῶν
1358 2517 1627 2582 ταπεινὸς
1657 2518 1774 2595 ὤν;

297 2606 433 2663 ΟΔ.
478 2601 619 2662 ὥστ’
653 2603 918 2664 ἐνθανεῖν
945 2625 1018 2679 γε
1046 2606 1177 2667 σοῖς
1206 2601 1491 2665 πέπλοισι
1518 2604 1670 2682 χεῖρ’
1704 2601 1865 2681 ἐμήν.

303 2690 432 2748 ΕΚ.
475 2687 537 2746 τί
562 2683 682 2760 δῆτ’
714 2682 941 2763 ἔλεξας,
973 2690 1181 2750 δοῦλος
1211 2685 1296 2750 ῶν
1324 2685 1461 2765 ἐμὸς
1489 2688 1658 2764 τότε;

298 2774 436 2832 ΟΔ.
477 2774 719 2831 πολλῶν
746 2770 944 2847 λόγων
975 2770 1272 2848 εὑρήμαθ’,
1303 2771 1457 2832 ὥστε
1484 2772 1563 2849 μὴ
1596 2777 1813 2835 θανεῖν.

302 2858 425 2916 ΕΚ.
478 2856 681 2916 ἔσωσα
709 2851 852 2929 δῆτά
882 2853 962 2923 o·’‚
997 2852 1306 2933 ἐξέπεμψά
1334 2878 1399 2915 τε
1425 2855 1638 2934 χθονός
1660 2881 1676 2930 ;

302 2944 435 3002 ΟΔ.
477 2938 619 2998 ὥστ’
653 2940 890 3016 εἰσορᾶν
916 2961 988 3017 γε
1018 2936 1244 3018 φέγγος
1272 2935 1443 3014 ἡλίου
1472 2938 1625 3000 τόδε.

304 3028 428 3089 ΕΚ.
475 3023 684 3087 οὔκουν
713 3024 940 3086 κακύνει
969 3027 1169 3085 τοῖσδε
1197 3027 1321 3087 τοῖς
1347 3023 1770 3100 βουλεύμασιν,

472 3108 536 3172 ὃς
567 3106 637 3184 ἐξ
661 3111 801 3184 ἐμοῦ
829 3110 940 3185 μὲν
969 3106 1182 3174 ἔπαθες
1212 3109 1308 3169 οἶα
1338 3105 1454 3191 φῂς
1482 3112 1707 3184 παθεῖν,

473 3195 613 3273 δρᾷς
644 3196 693 3253 δ’
718 3191 940 3255 οὐδὲνε
911 3194 1061 3269 ημᾶς
1092 3193 1173 3264 εὖ,
1210 3197 1396 3256 κακῶς
1425 3192 1475 3252 δ’
1508 3194 1654 3255 ὅσον
1682 3158 1855 3277 δύνῃ,

471 3275 854 3357 ἀχάριστον
823 3281 983 3354 υμῶν
1013 3275 1243 3358 σπέρμ’,
1277 3279 1410 3340 ὅσοι
1440 3279 1803 3358 δημηγόρους

471 3361 716 3438 ζηλοῦτε
744 3359 935 3437 τιμάς·
964 3365 1112 3439 μηδὲ
1139 3362 1571 3441 γιγνώσκοισθέ
1596 3387 1715 3441 μοι,

469 3447 529 3508 οἳ
558 3446 693 3510 τοὺς
723 3448 938 3525 φίλους
963 3445 1339 3524 βλάπτοντες
1368 3448 1436 3509 οὐ
1467 3447 1823 3526 φροντίζετε,

467 3527 543 3604 ἢν
572 3535 729 3593 τοῖσι
758 3535 1006 3596 πολλοῖς
1037 3529 1181 3611 πρὸς
1209 3529 1387 3613 χάριν
1415 3530 1632 3611 λέγητέ
1659 3557 1736 3595 τι.

470 3614 618 3693 ἆτᾶρ
645 3615 709 3676 τί
733 3616 802 3691 δὴ
834 3617 1108 3696 σόφισμα
1134 3616 1354 3677 τοῦθ’*
1326 3617 1639 3696 ηγούμενοι

469 3701 534 3765 ἐς
563 3697 736 3780 τήνδε
764 3704 944 3762 παῖδα
970 3704 1183 3781 ψῆφον
1211 3701 1433 3781 ὥρισαν
1462 3702 1649 3781 φόνου

2164 835 2268 888 225

2166 1261 2270 1311 230

2171 1684 2268 1735 235

2168 2110 2272 2159 240

2167 2532 2271 2582 245

2172 2956 2272 3004 250

2173 3350 2286 3426 255‘
