2492 4092
249 296 312 343 20

246 1107 379 1167 XO.

241 1270 444 1337 ΕΚ.

1071 297 1393 340 ΕΥΡΙΠΙΔΟΥ
1465 314 1488 337 ι

416 426 660 506 κορμοὺς
691 426 972 508 φέροντες
999 429 1323 503 πευκίνους,
1351 430 1388 490 ὁ
1418 432 1467 489 δ’
1499 430 1568 492 οὗ
1591 429 1793 510 φέρων

414 510 558 590 πρὸς
586 519 690 574 τοῦ
720 511 1003 621 φέροντος
1030 510 1211 575 τοιάδ’
1243 512 1454 590 ἤκουεν
1485 512 1649 577 κακά·

415 596 681 672 ἕστηκας,
717 595 762 657 ὠ
793 595 1049 673 κάκιστε,
1079 598 1148 682 τῇ
1179 597 1398 660 νεάνιδι

420 681 489 742 οὗ
517 683 768 757 πέπλον,
802 682 933 745 οὐδὲ
955 684 1177 760 κόσμον
1200 682 1264 745 ἐν
1291 689 1494 763 χεροῖν
1523 686 1711 766 ἔχων;

414 765 517 827 οὔκ
549 765 606 826 εἴ
630 790 687 827 τι
718 766 925 830 δώσων
952 771 1020 853 τῇ
1053 769 1287 846 περίσσ’
1323 769 1596 852 εὖκαρδίῳ

411 844 616 930 ψυχήν
644 854 693 912 τ’
727 851 974 935 ἇρίστῃ;
1018 853 1200 915 τοιάδ’
1233 853 1384 933 ἀμφὶ
1416 856 1524 930 σῆς
1553 853 1709 934 λέγω

413 932 620 999 παιδὸς
651 938 961 1013 θανούσης·
1005 937 1432 1015 εὐτεκνωτάτην
1460 937 1524 999 δέ
1546 963 1618 1001 σε

413 1024 620 1083 πασῶν
642 1025 930 1099 γυναικῶν
960 1023 1433 1104 δυστυχεστάτην
1464 1027 1513 1083 θ’
1548 1026 1682 1102 ὁρῶ.

412 1105 603 1166 δεινόν
630 1129 687 1167 τι
716 1108 880 1184 πῆμα
910 1108 1260 1185 Πριαμίδαις
1292 1107 1534 1182 ἐπέζεσε

410 1189 582 1253 πόλει
604 1214 669 1253 τε
690 1188 857 1299 τήμῇ·
905 1193 1053 1254 θεῶν
1083 1192 1402 1271 ἀναγκαῖον
1424 1193 1573 1255 τόδε.

407 1298 452 1333 ω
485 1275 752 1353 θύγατερ,
789 1275 890 1337 οὐκ
921 1274 1030 1338 οἶδ’
1064 1277 1147 1340 εἷς
1171 1278 1204 1338 ὅ
1234 1302 1288 1338 τι
1316 1275 1536 1356 βλέψω
1569 1282 1776 1355 κακῶν,

411 1363 656 1422 πολλῶν
684 1360 1008 1439 παρόντων·
1055 1359 1128 1436 ἢν
1156 1363 1268 1440 γὰρ
1299 1359 1548 1440 ἅψωμαί
1571 1388 1752 1440 τινος,

408 1445 528 1505 τόδ’
561 1443 662 1506 οὐκ
687 1445 755 1526 ἐᾷ
785 1470 877 1522 με,
907 1451 1237 1524 παρακαλεῖ
1264 1449 1313 1505 δ’
1347 1447 1566 1509 ἐκεῖθεν
1594 1473 1666 1509 av

411 1529 565 1605 λύπη
596 1552 684 1592 τις
714 1531 870 1605 ἄλλη
903 1529 1173 1610 διάδοχος
1205 1535 1393 1590 κακῶν
1417 1537 1629 1596 κακοῖς.

411 1612 506 1673 καὶ
536 1617 638 1676 νῦν
665 1612 733 1675 τὸ
760 1617 870 1690 μὲν
899 1613 1009 1678 σὸν
1037 1616 1192 1675 ὥστε
1219 1611 1300 1690 μὴ
1332 1614 1559 1676 στένειν
1578 1614 1763 1682 πάθος

410 1697 514 1758 οὐκ
545 1694 617 1758 ἂν
647 1699 926 1774 δυναίμην
949 1696 1382 1777 ἐξαλείψασθαι
1405 1700 1637 1776 φρενός·

411 1778 479 1841 τὸ
511 1784 559 1841 δ’
593 1781 664 1843 αῦ
693 1783 831 1843 λίαν
858 1789 1154 1862 παρεῖλες,
1187 1782 1549 1861 ἆγγελθεῖσά
1576 1808 1677 1861 μοι

408 1869 694 1944 γενναῖος.
741 1868 948 1930 οὔκουν
978 1866 1187 1942 δεινὸν,
1219 1871 1272 1929 εἰ
1299 1869 1374 1946 γῆ
1405 1876 1513 1945 μὲν
1542 1867 1686 1945 κακὴ

413 1954 679 2030 τυχοῦσα
710 1956 907 2031 καιροῦ
938 1951 1139 2014 θεόθεν
1163 1951 1224 2013 ευ
1256 1950 1483 2032 στάχυν
1512 1951 1697 2032 φέρει,

409 2058 641 2114 χρηστη
665 2039 713 2097 δ’
747 2039 1064 2116 ἆμαρτοῦσ’
1097 2037 1177 2098 ὧν
1204 2038 1396 2119 χρεὼν
1425 2036 1603 2115 αὐτὴν
1623 2044 1827 2121 τυχεῖν

414 2118 591 2182 κακὸν
620 2121 822 2183 δίδωσι
854 2120 1092 2202 καρπὸν,
1129 2121 1453 2203 ἄνθρωποις
1483 2122 1533 2185 δ’
1567 2124 1656 2187 ἀεὶ

412 2206 445 2265 ο
474 2229 583 2282 μεν
613 2204 865 2285 πονηρὸς
897 2207 1066 2269 οὐδὲν
1096 2206 1249 2267 αλλο
1282 2207 1439 2283 πλην
1468 2208 1660 2289 κακὸς,

406 2287 444 2352 ὁ
472 2291 524 2351 δ’
556 2291 769 2355 ἐσθλὸς
798 2290 1029 2362 ἐσθλὸς,
1064 2292 1197 2353 οὗδε
1226 2294 1593 2398 συμφορᾶς”’
1557 2317 1669 2356 υπο

414 2374 598 2450 φύσιν
627 2372 930 2454 διέφθειρζ
965 2376 1122 2436 ἀλλα
1149 2377 1408 2454 χρηστός
1439 2376 1562 2436 εστ)
1596 2376 1706 2440 ἆεί.

409 2455 498 2538 ἂρ’
531 2460 589 2519 οἱ
617 2458 879 2522 τεκόντες
909 2458 1309 2537 διαφέρουσιν,
1337 2456 1373 2533 ἢ
1405 2461 1661 2538 τροφαί;

409 2540 538 2621 ἔχει
566 2566 637 2620 γε
663 2541 862 2619 μέντοι
886 2543 978 2603 καὶ
1000 2541 1067 2603 τὸ
1097 2545 1419 2622 θρεφθῆναι
1449 2547 1639 2609 καλῶς

409 2623 632 2701 δίδαξιν
662 2630 905 2689 ἐσθλοῦ·
946 2631 1118 2690 τοῦτο
1148 2626 1199 2689 δ’
1231 2627 1305 2705 ἤν
1334 2652 1420 2691 τις
1451 2628 1514 2692 εὖ
1540 2626 1714 2714 μάθῃ,

410 2709 570 2774 οἶδεν
598 2713 669 2774 τό
696 2712 756 2793 γ’
790 2709 1058 2793 αἰσχρὸν,
1093 2714 1292 2775 κανόνι
1321 2719 1424 2775 τοῦ
1455 2717 1636 2775 καλοῦ
1658 2692 1889 2792 μαθών.

398 2796 493 2858 καὶ
522 2799 706 2859 ταῦτα
731 2796 842 2875 μὲν
870 2795 939 2873 δὴ
970 2801 1102 2862 νοῦς
1133 2795 1445 2873 ἐτόξευσεν
1463 2797 1672 2876 μάτην·

408 2880 484 2943 σὺ
514 2881 566 2941 δ’
600 2881 738 2942 ἐλθὲ
768 2882 862 2944 καὶ
891 2879 1155 2960 σήμηνον
1182 2882 1483 2962 Ἀργείοις
1512 2880 1667 2955 τάδε,

402 2962 483 3041 μὴ
515 2962 814 3045 θιγγάνειν
842 2989 941 3043 μοι
968 2964 1189 3043 μηδέν’,
1225 2966 1364 3028 ἀλλ’
1396 2968 1611 3045 εἴργειν
1639 2969 1825 3048 ὄχλον

406 3051 510 3124 τῆς
540 3050 763 3114 παιδός.
815 3052 877 3113 ἔν
906 3073 998 3111 τοι
1018 3050 1211 3156 μυρίῳ
1227 3050 1615 3128 στρατεύματι

409 3133 738 3197 ἀκόλαστος
767 3133 949 3240 ὄχλος
976 3132 1212 3209 ναυτική
1240 3135 1294 3196 τ’
1324 3136 1574 3214 ἀναρχία

410 3216 700 3297 κρείσσων
729 3213 924 3296 πυρὸς,
953 3218 1124 3284 κακὸς
1154 3219 1206 3280 δ’
1239 3220 1272 3280 6
1299 3216 1379 3297 μή
1409 3243 1467 3282 τι
1496 3223 1646 3297 δρῶν
1673 3219 1868 3282 κακόν.

409 3301 486 3364 σὺ
516 3301 568 3363 δ’
594 3302 665 3365 αὖ
685 3306 963 3379 λαβοῦσα
990 3307 1218 3386 τεῦχος,
1251 3303 1467 3383 ἆρχαία
1493 3304 1683 3383 λάτρι,

408 3383 650 3467 βάψαῶ
684 3386 888 3465 ἔνεγκε
916 3391 1082 3465 δεῦρο
1112 3388 1352 3452 ποντίας
1376 3387 1537 3460 ἁλὸς,

410 3473 487 3536 ὦς
513 3475 693 3534 παῖδα
720 3477 988 3550 λουτροῖς
1016 3475 1139 3535 τοῖς
1169 3473 1562 3537 πανυστάτοις
1591 3472 1737 3551 ἐμὴν

407 3557 640 3635 νύμφην
660 3555 713 3620 τ’
744 3555 1012 3635 ἄνυμφον
1039 3553 1326 3634 παρθένον
1353 3557 1405 3618 τ’
1437 3555 1763 3638 ἆπάρθενον

407 3641 608 3703 λούσω
637 3641 944 3720 προθῶμαί
968 3638 1039 3704 θ’·
1087 3638 1165 3705 ὡς
1191 3641 1302 3720 μὲν
1324 3639 1480 3720 ἀξία,
1508 3642 1689 3707 πόθεν
1708 3668 1729 3723 3

2114 449 2217 500 575

2111 868 2213 917 580

2109 1289 2209 1338 585

2112 1713 2216 1765 590

2045 2154 2048 2159 ·
2112 2134 2213 2189 595

2108 2559 2215 2608 600

2029 2977 2212 3030 ,605

2027 3450 2030 3451 γ
2106 3399 2214 3452 610
