2492 4092
32 1992 139 2077 5„

263 321 362 372 106

1097 327 1420 371 ΕΥΡΙΠΙΔΟΥ

439 464 535 529 καὶ
564 463 973 545 ξυμπεραίνειν
1000 463 1093 526 καὶ
1123 462 1486 540 παρεστάναι
1516 461 1704 544 λέχει,

437 550 675 630 νύμφην
701 574 770 613 τε
790 550 1149 626 κηδεύουσαν
1174 548 1420 625 ἥδεσθαι
1451 546 1643 610 σέθεν.

440 636 579 698 ἀλλ’
613 636 792 714 ἐσμὲν
820 634 946 696 οἷόν
976 634 1174 712 ἐσμεν,
1206 634 1311 696 οὐκ
1342 635 1451 713 ἐρῶ
1485 632 1681 702 κακὸν,

440 726 734 799 γυναῖκες·
778 720 983 781 οὔκουν
1011 717 1124 799 χρή
1149 720 1210 779 σ’
1243 721 1590 798 ὁμοιοῦσθαι
1626 723 1843 787 κακοῖς,

444 803 564 867 οὐδ’
600 804 939 868 ἀντιτείνειν
960 802 1117 879 νήπι’
1151 805 1278 868 ἀντὶ
1309 805 1550 879 νηπίων.

434 887 821 967 παριέμεσθα,
858 889 958 950 καί
982 896 1181 966 φαμεν
1213 893 1399 953 κακῶς
1431 893 1672 966 φρονεῖν

434 974 583 1048 τότ’,
615 972 755 1035 ἀλλ’
784 972 1022 1050 ἄμεινον
1051 978 1155 1037 νῦν
1180 972 1586 1050 βεβούλευμαι
1610 971 1767 1036 τάδε.

432 1056 485 1119 ὦ
516 1055 689 1120 τέκνα
716 1057 906 1129 τέκνα,
941 1061 1125 1135 δεῦτε,
1156 1059 1395 1123 λείπετε
1418 1056 1652 1135 στέγας,

430 1140 715 1220 ἐξέλθετ’,
747 1141 1106 1205 ἀσπάσασθε
1136 1143 1229 1205 καὶ
1264 1142 1622 1221 προσείπατε
1658 1176 1663 1181 -

431 1224 662 1306 πατέρα
688 1231 813 1305 μεθ’
844 1227 1025 1307 ἡμῶν,
1057 1228 1150 1289 καὶ
1191 1225 1576 1307 διαλλάχθηθ’
1608 1226 1727 1305 ἅμα

434 1315 541 1390 τῆς
570 1316 828 1389 πρόσθεν
856 1314 1068 1393 ἔχθρας
1100 1316 1158 1377 ἐς
1189 1315 1403 1392 φίλους
1423 1312 1639 1391 μητρὸς
1666 1312 1834 1390 μέτα·

436 1396 688 1461 σπονδαὶ
718 1396 889 1477 γὰρ
860 1403 1016 1475 ημῖν,
1052 1398 1145 1462 καὶ
1172 1397 1531 1477 μεθέστηκεν
1560 1399 1761 1479 χόλος.

437 1481 711 1560 λάβεσθε
731 1484 927 1564 χειρὸς
957 1480 1175 1558 δεξιᾶς.
1221 1485 1376 1559 οἴμοι
1409 1487 1615 1545 κακῶν·

433 1566 516 1633 ὣς
546 1570 851 1645 ἐννοοΰμαι
880 1565 950 1642 δή
979 1592 1036 1629 τι
1064 1563 1179 1629 τῶν
1210 1566 1628 1645 κεκρυμμένωι.

431 1652 533 1735 ἆρ’
535 1700 554 1730 ,
587 1648 632 1711 ω
662 1647 833 1721 τέκν’,
861 1653 1009 1714 οὕτω
1036 1652 1129 1712 καὶ
1158 1653 1348 1714 πολὺν
1380 1651 1489 1725 ζῶι
1478 1676 1583 1715 τες
1612 1653 1831 1731 χρόνον

432 1738 626 1815 φίλην
654 1733 874 1816 ὀρέξετ’
906 1733 1165 1812 ὧλένην;
1210 1735 1436 1798 τάλαιν’
1471 1737 1607 1814 ἐγὼ,

434 1820 515 1886 ὦς
544 1819 883 1899 ἀρτίδακρύς
913 1820 1028 1896 εἶμι
1058 1820 1153 1880 καὶ
1183 1821 1383 1899 φόβου
1413 1820 1584 1885 πλέα.

437 1907 630 1987 χρόνω
663 1906 726 1965 δὲ
747 1909 933 1968 νεῖκος
962 1904 1181 1983 πατρὸς
1202 1902 1578 1983 ἐξαιρουμένη

439 1991 479 2050 ὅ
530 2014 585 2052 ιν
607 1988 868 2070 τέρειναν
896 1986 1049 2065 τήνδ’
1085 1991 1320 2067 ἔπλησα
1349 1991 1627 2067 δακρύων.

258 2081 403 2140 XO.
438 2075 610 2155 καμοὶ
640 2074 762 2136 κατ’
796 2076 999 2136 ὄσσων
1028 2074 1265 2156 χλωρὸν
1296 2073 1528 2153 ὡρμήθη
1560 2076 1755 2155 δάκρυ·

266 3687 416 3745 MH.
441 3683 629 3747 οὐδέν·
671 3684 887 3750 τέκνων
915 3686 1083 3746 τῶνδ’
1115 3686 1458 3765 ἐννοουμένη
1490 3685 1639 3768 πέρι.

442 2161 535 2222 καὶ
562 2159 642 2239 μὴ
673 2161 944 2240 προβαίη
961 2160 1217 2239 μεῖζον
1186 2187 1221 2238 η
1253 2160 1320 2223 τὸ
1342 2164 1444 2222 νῦν
1473 2162 1668 2224 κακόν.

303 2251 375 2310 A.
436 2248 595 2324 αἰνῶ,
625 2248 815 2325 γύναι,
846 2244 993 2315 τάδ,’
1027 2244 1144 2309 οὐδ’
1171 2247 1366 2309 ἐκεῖνα
1393 2244 1721 2331 μέμφομαι·

439 2331 591 2396 εἰκὸς
618 2333 729 2410 γὰρ
760 2332 936 2408 ὀργὰς
966 2333 1112 2405 θῆλυ
1141 2335 1438 2393 ποιεῖσθαι
1467 2331 1657 2411 γένος,

435 2414 656 2493 γάμους
675 2419 1172 2494 παρεμπολῶντος
1196 2414 1491 2491 ἀλλοίους,
1523 2417 1716 2480 πόσει.

431 2499 573 2560 ἀλλ’
598 2499 659 2564 ἐς
686 2498 755 2560 τὸ
784 2500 942 2579 λῷον
972 2496 1083 2557 σὸν
1108 2497 1469 2574 μεθέστηκεν
1500 2497 1655 2577 κέαρ,

431 2583 619 2663 ἔγνως
650 2583 713 2644 δὲ
742 2580 849 2661 τὴν
877 2587 1132 2643 νικῶσαν
1160 2585 1320 2645 ἀλλὰ
1349 2583 1428 2665 τῷ
1460 2584 1652 2692 χρόνῳ

428 2664 688 2746 βουλήν·
732 2691 1001 2745 γυναικος
1033 2665 1176 2746 ἔργα
1194 2672 1375 2730 ταῦτα
1399 2669 1725 2748 σώφρονος.

431 2757 595 2832 ὑμῶν
624 2755 707 2830 δὲ,
736 2756 955 2822 παῖδες,
991 2752 1094 2813 οὐκ
1125 2753 1530 2832 ἀφρόντιστως
1560 2753 1748 2833 πατὴρ

429 2837 667 2914 πολλὴν
697 2837 868 2913 ἔθηκε
898 2836 1009 2899 σὺν
1039 2840 1192 2902 θεοῖς
1221 2840 1567 2918 προμηθίαν

427 2922 595 3001 οἶμαι
624 2927 736 3004 γὰρ
764 2924 909 3000 ὑμᾶς
940 2927 1120 2999 τῆσδε
1147 2926 1257 3002 γῆς
1288 2924 1597 3004 Κορινθίας

429 3010 507 3070 τὰ
534 3009 713 3086 πρῶτ’
746 3006 990 3069 ἔσεσθαι
1021 3007 1126 3082 ξὺν
1155 3008 1528 3085 κασιγνήτοις
1557 3011 1662 3072 ἔτι.

431 3090 574 3153 ἀλλ’
607 3086 949 3167 αὐξάνεσθε·
994 3093 1187 3155 τᾶλλα
1216 3095 1264 3152 δ’
1298 3081 1667 3170 ἐξεργάζεται

431 3174 625 3254 πατήρ
654 3201 722 3239 τε
751 3175 843 3238 καὶ
874 3176 1085 3240 θεῶν’
1050 3200 1214 3241 οστις
1245 3177 1407 3239 ἐστὶν
1438 3177 1693 3256 εὐμενής.

430 3263 611 3340 ἴδοιμι
641 3262 694 3322 δ’
725 3262 872 3340 ὑμᾶς
901 3262 1207 3340 εὐτραφεῖς
1237 3262 1389 3338 ἥβης
1420 3260 1589 3328 τέλος

428 3346 743 3424 μολόντας,
779 3347 1004 3426 ἐχθρῶν
1032 3351 1147 3409 τῶν
1176 3348 1331 3425 ἐμῶν
1357 3346 1721 3427 ὑπερτέρους.

431 3432 600 3508 αὕτη,
632 3432 696 3493 τί
718 3435 974 3512 χλωροῖς
1003 3432 1271 3511 δακρύοις
1299 3428 1522 3512 τέγγεις
1552 3435 1742 3512 κόρας,

432 3515 751 3596 στρέψασα
779 3514 993 3591 λευκὴν
1023 3513 1278 3592 ἔμπαλιν
1306 3520 1575 3595 παρηίδα,

436 3600 573 3662 κούκ
605 3600 827 3679 ἀσμένη
858 3600 1013 3662 τόνδ’
1043 3598 1113 3675 ἐξ
1138 3602 1278 3676 ἐμοῦ
1309 3600 1468 3681 δέχει
1498 3606 1682 3683 λόγον
1703 3631 1722 3682 3

1631 3752 1696 3815 ἄ

2137 731 2246 785 890

2086 1143 2099 1155 ”
2138 1154 2243 1207 895

2135 1582 2241 1635 900

2034 2012 2051 2037 ‘
2132 2007 2235 2059 905

2130 2432 2235 2485 910

2130 2858 2232 2912 91⁵

2128 3277 2234 3335 920

2128 3700 2223 3754 9⁴2⁶
