2492 4092
275 302 345 356 n
650 354 656 361 .
1111 312 1430 354 ssn’mmo‘r

451 449 718 528 φθογγὰς
751 448 925 525 ἱεῖσα,
955 446 1035 526 μὴ
1067 450 1421 526 στερηθῆναι
1450 447 1607 524 βίου.

448 533 786 611 πρόσπιπτε
814 535 868 596 δ’
891 535 1130 612 οἰκτρῶς
1158 534 1317 595 τοῦδ’
1349 530 1692 599 Ὀδυσσέως
1712 532 1878 614 γόνυ,

454 618 549 680 καὶ
578 616 755 680 πεῖθ’.
802 615 959 699 ἔχεις
988 620 1050 680 δὲ
1080 618 1403 697 πρόφασιν·
1451 618 1580 681 ἔστι
1608 621 1719 698 γὰρ
1750 617 1922 683 τέκνα

454 701 546 764 καὶ
573 703 741 785 τῷδε,
776 701 884 778 τὴν
913 699 1026 778 σὴν
1055 702 1198 764 ὥστ’
1230 706 1584 782 ἑποικτεῖραι
1613 704 1816 785 τύχην.

279 789 577 853 ΠΟΛΤΞ.
628 791 741 866 ὁρῶ
774 789 854 865 ο),
884 787 1206 859 Ὀδυσσεῦ,
1241 787 1439 865 δεξιὰν
1466 790 1572 869 ὑφ’
1604 790 1840 868 εἵματος

448 872 773 950 κρύπτοντα
799 878 989 954 χεῖρα,
1025 874 1118 934 καὶ
1148 874 1469 953 πρόσωπον
1496 873 1754 951 ἔμπαλιν

446 955 798 1037 στρέφοντα,
829 955 908 1037 μή
940 982 1049 1020 σου
1080 959 1384 1038 προσθίγω
1412 957 1727 1037 γενειάδος·

446 1042 671 1120 θάρσει·
716 1043 1014 1122 πέφευγας
1043 1040 1148 1105 τὸν
1176 1042 1318 1122 ἐμὸν
1348 1039 1570 1106 ἱκέσιον
1601 1046 1739 1107 Δία·

446 1126 523 1191 ὣς
553 1126 782 1208 ἕψομαί
804 1152 891 1208 γε,
922 1134 1026 1190 τοῦ
1057 1129 1108 1188 τ’
1140 1129 1458 1208 ἀναγκαίου
1486 1127 1662 1210 χάριν

447 1215 647 1276 θανεῖν
676 1238 740 1277 τε
766 1213 1071 1298 χρῄζοντ’·
1117 1214 1168 1278 εἰ
1198 1215 1263 1275 δὲ
1291 1213 1370 1295 μὴ
1399 1213 1795 1294 βουλήσομαι,

447 1296 589 1374 κακὴ
621 1304 918 1378 φανοῦμαι
950 1299 1042 1362 καὶ
1072 1301 1421 1410 φιλόψυχος
1451 1299 1615 1382 γυνή.

443 1385 505 1444 τί
526 1382 638 1463 γάρ
667 1409 743 1464 με
770 1388 865 1447 δεῖ
891 1384 1035 1462 ζῆν;
1079 1381 1116 1470 ᾗ
1148 1384 1337 1465 πατὴρ
1365 1387 1474 1464 μὲν
1502 1387 1573 1465 ἦν
1600 1385 1755 1462 ἄναξ

436 1472 693 1550 Φρυγῶν
721 1469 1019 1533 ἁπάντων·
1063 1471 1237 1533 τοῦτό
1264 1494 1366 1545 μοι
1394 1474 1624 1551 πρῶτον
1651 1473 1814 1545 βίου·

431 1554 628 1618 ἔπειτ’
660 1555 952 1636 ἐθρέφθην
982 1555 1237 1615 ἐλπίδων
1269 1556 1528 1616 καλῶν”’
1490 1579 1624 1624 υπο,

423 1644 770 1715 ,βασιλεῦσι
800 1638 1017 1717 νύμφη,
1051 1637 1231 1714 ζῆλον
1260 1639 1328 1701 οὗ
1360 1638 1604 1717 σμικρὸν
1630 1637 1836 1720 γάμων

422 1723 669 1804 κέχουο),
705 1724 842 1785 ὅτου
872 1723 1013 1801 δῶμ’
1047 1724 1251 1786 ἑστίαν
1279 1725 1332 1785 τ’
1365 1721 1674 1802 ἀφίξομαι·

421 1808 728 1871 «δέσποινα
756 1808 807 1870 δ’
836 1808 872 1884 ἦ
905 1809 1187 1885 δύστηνος
1214 1807 1527 1872 ’Ῑδαίαισιν
1554 1808 1627 1885 ἦν

443 1891 694 1974 γυναιξὶ,
727 1891 1032 1973 παρθένοις
1063 1894 1444 1970 ἀπόβλεπΓος
1470 1891 1637 1972 μέτα,

431 1981 543 2056 ἴση
575 1981 784 2056 θεοῖσι,
814 1976 972 2056 πλὴν
999 1976 1067 2040 τὸ
1097 1981 1404 2044 κατθανεῖν
1431 1979 1629 2058 μόνον·

446 2070 549 2129 νῦν
578 2065 630 2127 δ’
664 2065 779 2141 εἰμὶ
810 2065 1006 2142 δούλη.
1056 2070 1257 2145 πρῶτα
1283 2062 1390 2144 μέν
1418 2089 1494 2141 με
1522 2065 1775 2143 τοῦνομα

447 2155 646 2216 θανεῖν
675 2151 810 2229 έρᾶν
838 2151 1087 2227 τίθησιν,
1122 2149 1224 2214 οὐκ
1255 2149 1457 2216 εἰωθὸς
1489 2151 1574 2214 ὅν·

450 2235 632 2300 ἔπειτ’
664 2237 809 2302 ἴσως
839 2234 911 2298 ἂν
941 2240 1244 2300 δεσποτῶν
1272 2235 1443 2315 ὠμῶν
1473 2238 1691 2315 φρένας

446 2321 679 2401 τύχοιμ’
713 2321 802 2392 ἂν,
838 2323 1002 2385 ὅστις
1032 2319 1283 2402 ἀργύρου
1310 2322 1373 2398 μ’
1404 2320 1712 2397 ὠνήσεται,

448 2403 551 2480 τὴν
572 2404 858 2484 Ἕκτορός
887 2429 955 2466 τε
981 2403 1245 2486 χάτέρων
1274 2410 1515 2471 πολλῶν
1545 2406 1735 2476 κάσιν,

448 2488 722 2566 προσθεὶς
751 2486 797 2551 δ’
833 2487 1091 2570 ἀνάγκην
1121 2487 1428 2551 σιτοποιὸν
1456 2489 1519 2551 ἐν
1548 2491 1766 2568 δόμοις,

445 2574 674 2653 σαίρειν
703 2598 768 2636 τε
797 2577 960 2650 δῶμα
990 2573 1249 2652 κερκίσιν
1277 2575 1331 2634 τ’
1366 2572 1687 2654 ἐφεστάναι

446 2660 673 2737 λυπρὰν
701 2657 967 2736 ἄγουσαν
993 2657 1214 2737 ἡμέραν
1242 2657 1303 2736 μ’
1333 2657 1677 2738 ἀναγκάσει·

445 2741 595 2826 λέχη
626 2746 692 2808 δὲ
718 2744 875 2821 τάμὰ
903 2747 1112 2807 δοῦλος
1143 2743 1362 2821 ὠνητάς
1392 2748 1574 2806 ποθεν

441 2834 669 2908 χρανεῖ,
701 2829 999 2909 τυράννων
1026 2828 1287 2907 πρόσθεν
1312 2827 1620 2907 ἠξιωμένα.

443 2914 515 2975 οὐ
546 2918 685 2992 δῆτ’·
733 2913 941 2992 ἀφίημ’
974 2913 1250 2993 ὀμμάτων
1279 2913 1588 2991 ἐλεύθερον

447 2996 672 3078 φέγγος
702 2999 844 3067 τόδ’,
871 2997 1046 3081 Αιδη
1076 2995 1439 3075 προστιθεῖσ’
1473 2997 1614 3074 ἐμὸν
1642 2997 1839 3075 δέμας

446 3083 543 3161 ἄγ’
576 3083 679 3144 ουν
705 3081 784 3161 μ’,
816 3082 1135 3153 Ὀδυσσεῦ,
1169 3081 1264 3145 καὶ
1295 3079 1604 3163 διέργασαί
1625 3084 1689 3160 μ’
1720 3085 1903 3163 ἄγων·

449 3167 570 3230 οὔτ’
601 3168 838 3233 ἐλπίδος
865 3167 977 3245 γὰρ
1008 3167 1141 3228 οὔτε
1170 3191 1274 3228 του
1304 3165 1537 3242 δόξης
1509 3172 1622 3246 ορῶ

446 3251 664 3331 θάρσος
692 3250 829 3330 παρ’
858 3250 998 3329 ἡμῖν
1026 3251 1103 3317 ὥς
1132 3253 1265 3313 ποτ’
1298 3253 1361 3316 εὖ
1389 3251 1609 3332 πραξαί
1629 3279 1706 3331 με
1735 3278 1868 3336 χρη.

445 3341 642 3416 ιιῆτερ,
676 3335 752 3400 σὺ
782 3335 833 3398 δ’
864 3336 1003 3413 ἡμῖν
1028 3337 1210 3414 μηδὲν
1238 3338 1507 3414 ἐμποδων
1533 3336 1674 3425 γένῃ

443 3421 705 3502 λέγουσα
732 3421 879 3502 μηδὲ
907 3425 1122 3500 δρῶσα·
1170 3424 1514 3501 συμβούλου
1542 3423 1610 3486 δέ
1633 3449 1736 3505 μοι

445 3510 661 3577 θανεῖν,
695 3506 834 3585 πρὶν
861 3507 1124 3588 αἰσχρῶν
1150 3506 1231 3587 μη
1264 3507 1388 3571 κατ’
1420 3507 1591 3586 ἀξίαν
1619 3516 1837 3593 τυχεῖν.

444 3592 608 3657 ὅστις
635 3594 748 3673 γδιρ
778 3590 882 3654 οὐκ
913 3593 1083 3656 εἴωθε
1109 3596 1384 3673 γεύεσθαι
1417 3601 1622 3672 κακῶν,

445 3674 612 3755 φέρει
640 3679 769 3756 μὲν,
799 3677 976 3756 ἀλγεῖ
1000 3679 1054 3740 δ’
1084 3677 1283 3760 αὐχέν’
1315 3679 1558 3748 ἐντιθεὶς
1588 3676 1765 3769 ζυγῷ·

206 1526 214 1575 Ι

2143 635 2249 686 340

2142 1059 2243 1107 345

2144 1486 2244 1533 350

2146 1910 2244 1957 355

2148 2330 2248 2382 360

2144 2754 2244 2807 ³65

2138 3183 2241 3235 ³2⁷.)

2140 3600 2241 3659 :375
