2492 4092
279 251 361 298 viii
970 254 1274 301 'mom-‚212
1305 255 1558 299 ΕΚΑΒΗΣ.

282 386 501 466 κομίζει
530 384 677 467 πρὸς
697 385 803 464 τὴν
831 384 1121 465 Ἑκάβην.
1212 387 1306 450 καὶ
1335 385 1373 463 ἢ
1403 389 1505 450 τὸν
1534 389 1637 463 τῆς
1668 387 2009 465 Πολυξένης
2031 388 2254 470 νεκρὸν,

279 477 416 552 πρὶν
446 473 876 552 ἑκκεκαλύφθαι
906 478 1132 544 τοῦτον,
1168 473 1317 535 εἶναι
1348 475 1663 552 νομίσασα,
1698 473 1897 550 ἐπειδὴ
1944 475 2095 554 ἔγνω
2131 479 2254 536 Πο-

278 560 560 638 λύδωρον,
596 558 812 622 ἀθλίως
841 581 908 619 τε
938 558 1103 639 ἔσχε,
1139 558 1231 620 καὶ
1262 559 1419 621 ὅπως
1459 561 1757 636 ἀμυνεῖται
1793 558 2251 639 Πολυμήστορα,

277 645 609 724 μηχανᾶται
638 645 884 705 τοιόνδε·
976 641 1377 721 κοινωσαμένη
1409 645 1692 723 πρότερον
1721 642 1828 719 τὴν
1866 645 1997 723 περὶ
2049 646 2255 707 τούτου

277 731 518 809 γνώμην
550 730 956 807 Ἀγαμέμνονι,
990 726 1205 806 πέμπει
1235 726 1342 804 τὴν
1370 729 1547 804 αὑτῆς
1578 727 1795 805 δούλην
1846 728 1925 793 ὦς
1972 728 2252 807 Πολυμή-

279 839 481 893 στορα,
515 812 692 875 αὐτόν
730 837 795 876 τε
846 811 941 874 καὶ
987 815 1060 874 τὰ
1109 810 1281 874 τέκνα
1327 811 1472 892 πρὸς
1525 812 1732 889 ἑαυτὴν
1776 813 2254 892 μετακαλουμένη

278 900 415 977 περί
450 922 608 967 τινος
655 897 971 977 ἀναγκαίου
1020 895 1164 976 πρὸς
1211 896 1387 959 αὐτὸν
1434 898 1851 961 κοινώσασθαι.
1941 900 2108 963 οὗτος
2147 901 2258 977 μὲν

278 985 382 1064 οὖν
428 985 674 1061 ἀγνοῶν,
730 984 822 1044 ὅτι
873 983 1230 1062 Πολύδωρος
1281 983 1514 1062 εὕρηται
1564 986 1721 1061 παρὰ
1765 985 1888 1047 τὰς
1913 984 2107 1054 ἀκτᾶς,
2162 986 2258 1046 καὶ

276 1067 395 1145 ἅμα
426 1069 526 1129 καί
546 1092 705 1131 τισιν
734 1068 1107 1138 ὑποκλαπεὶς,
1150 1071 1298 1146 μετὰ
1337 1074 1453 1129 τῶν
1482 1068 1705 1130 παίδων
1733 1068 1878 1146 πρὸς
1908 1067 2088 1144 αὐτὴν
2118 1068 2256 1147 ἀφι-

279 1158 518 1217 κνεῖται.
608 1149 845 1230 Ἑκάβη
879 1153 943 1213 δὲ
973 1151 1116 1231 πρὸς
1149 1151 1326 1214 αὐτὸν
1355 1154 1563 1214 τούτου
1591 1150 1769 1233 χάριν
1815 1152 1932 1232 ἔφη
1983 1153 2255 1229 κεκληκέ-

277 1263 391 1310 ναι,
427 1239 524 1300 ινα
551 1243 777 1319 χρυσοῦ
808 1237 1132 1318 θησαυροὺς
1164 1236 1583 1318 κεκρυμμένους
1612 1239 1712 1299 ὑπ’
1759 1238 1933 1315 αὐτῆς
1982 1239 2045 1301 ἐν
2090 1238 2255 1320 Ἰλίω

274 1324 526 1408 μηνύσῃ.
616 1320 847 1403 εἰσάγει
870 1326 933 1386 δε
963 1322 1056 1384 καὶ
1085 1325 1187 1399 τῆς
1234 1325 1454 1400 σκηνῆς
1498 1325 1684 1400 ἔνδον,
1734 1325 2002 1394 εἰποῦσα,
2060 1321 2137 1388 ὣς
2184 1325 2258 1385 ἂν

279 1410 371 1470 καὶ
419 1389 563 1487 ἕτερ’
619 1408 765 1471 ἄττα
811 1409 962 1491 αὐτῷ
1018 1408 1197 1470 δώσει
1244 1405 1536 1488 χρήματα,
1591 1406 1717 1487 μεθ’
1766 1410 1845 1470 ὧν
1897 1407 2110 1485 ἐξηλθε
2154 1411 2257 1483 τῆς

276 1493 508 1573 Τροίας.
602 1492 914 1572 ἐκέκρυπτο
945 1497 1009 1555 δὲ
1040 1497 1182 1555 εἵσω
1213 1500 1497 1556 πλεῖστος
1526 1498 1815 1571 γυναικῶν
1854 1494 2060 1572 ὄχλος·
2146 1493 2259 1554 σὺν

278 1580 367 1642 αἷς
396 1583 603 1641 τοῦτον
626 1575 1016 1642 εἰσελθόντα“
1025 1576 1232 1653 Εκάβη
1283 1579 1611 1655 ὀφθαλμῶν
1658 1600 1724 1639 τε
1776 1582 1990 1655 στερεῖ,
2045 1576 2137 1638 καὶ
2163 1580 2259 1638 ’τα

277 1661 451 1725 τέκνα
480 1664 658 1725 αὐτοῦ
690 1660 1085 1741 ἀποσφάττει.
1169 1659 1517 1726 δικάσαντος
1556 1665 1621 1724 δὲ
1672 1661 1879 1726 αὐτοὺς
1925 1667 2028 1724 τοῦ
2074 1659 2255 1741 Ἀγα·

276 1746 562 1825 μέμνονος
601 1749 868 1823 ὕστερον,
923 1746 1015 1808 καὶ
1061 1750 1164 1807 τοῦ
1212 1743 1679 1824 Πολυμήστορος
1730 1747 1930 1808 πολλὰ
1976 1747 2107 1827 περὶ
2154 1751 2256 1823 τῆς

280 1835 517 1911 σφαγῆς
543 1832 899 1909 Πολυδώρου
919 1830 1325 1910 διαπλασαμέν
1328 1854 1413 1902 ου,
1432 1826 1668 1907 Ἑκάβη
1689 1831 2074 1910 περιεγένετο,
2093 1832 2260 1910 ἐλέγ-

186 1922 189 1925 ’
280 1916 437 1992 ξασα
487 1916 683 1993 αὐτὸν,
738 1915 815 1980 ὣς
865 1920 967 1977 τοῦ
1015 1920 1242 1996 χρυσοῦ
1287 1915 1482 1996 χάριν,
1537 1916 1629 1977 καὶ
1681 1918 1793 1998 οὐχ
1821 1917 1902 1977 ὧν
1930 1916 2260 1995 προῦτεινε,

279 2002 383 2062 τὸν
413 2005 593 2063 παῖδα
623 2001 848 2070 ἀνεῖλε,
879 2002 1211 2081 σύμψηφον
1236 2025 1474 2081 σχουσα
1503 2000 1597 2063 καὶ
1628 2000 2055 2081 Ἀγαμέμνονα.

370 2084 456 2148 ‘H
505 2089 613 2164 μὲν
662 2084 846 2162 σκηνὴ
899 2091 1001 2148 τοῦ
1052 2084 1343 2166 δράματος
1389 2087 1689 2149 ὑπόκειται
1729 2088 1793 2149 ἐν
1839 2087 1910 2171 τῇ
1943 2086 2260 2165 ἀντιπέραν

280 2174 382 2247 τῆς
415 2168 657 2253 Θράκης
686 2168 1066 2254 Χερρονήσῳ·
1113 2173 1144 2232 ὁ
1168 2175 1231 2235 δὲ
1262 2169 1455 2251 Χορὸς
1486 2170 1843 2249 συνέστηκεν
1873 2172 1934 2232 ἐκ
1964 2177 2257 2250 γυναικῶν

282 2258 735 2337 αἰχμαλωτίδων
761 2257 1074 2340 Τρωάδων,
1111 2263 1608 2338 συμμαχησασῶν
1639 2281 1706 2342 τῃ
1734 2255 1990 2340 Εκάβη.
