2492 4092
259 243 326 293 22

256 2334 389 2394 XO.

259 2673 373 2732 ΑΓ.

1090 245 1408 287 ΕΥΡΙΠΙΔΟΥ

436 381 655 446 καπνὸν
685 383 748 444 δὲ
777 381 1005 443 πόλεως
1035 378 1191 439 τόνδ’
1221 377 1693 457 ὑπερθρώσκονθ’
1725 379 1863 457 ὁρῶ.

434 465 528 529 καὶ
554 464 670 544 μὴν
691 468 835 529 ἴσως
865 465 972 541 μὲν
1003 468 1104 524 τοῦ
1135 463 1321 542 λόγου
1353 460 1521 524 κενὸν
1551 465 1701 539 τόδε,

434 551 658 630 Κύπριν
678 546 1069 629 προβάλλειν·
1158 547 1297 609 ἀλλ’
1332 549 1487 624 ὅμως
1519 544 1830 626 εἰρήσεται·

432 636 577 715 πρὸς
605 641 770 698 σοῖσι
798 638 1073 712 πλευροῖς
1104 637 1240 703 παῖς
1272 629 1378 710 ἐμὴ
1411 631 1725 711 κοιμίζεται

431 721 469 797 ἢ
501 724 741 801 φοιβᾶς,
770 716 843 795 ἢν
873 722 1120 780 καλοῦσι
1150 714 1506 795 Κασάνδραν
1535 716 1781 797 Φρύγες.

431 809 546 868 ποῦ
573 808 676 869 τὰς
705 804 887 883 φίλας
917 800 1036 880 δῆτ’
1072 803 1361 883 εὐφρόνας
1390 800 1614 877 δείξεις,
1650 802 1817 880 ἅναξ,

431 889 468 965 ἢ
499 894 614 952 τῶν
644 889 707 951 ἐν
737 888 870 972 εὐνῇ
904 887 1264 979 φιλτάτων
1236 884 1641 963 ασπασμάτων

431 972 607 1054 χάριν
634 973 744 1034 τίν’
777 951 895 1049 ἕξει
924 978 1061 1038 παῖς
1091 970 1218 1051 ε’μὴ,
1255 972 1442 1049 κείνης
1473 975 1523 1033 δ’
1558 973 1720 1053 ἐγώ·

431 1061 528 1140 [ἐκ
551 1064 654 1120 τοῦ
685 1060 903 1120 σκότου
924 1060 1035 1138 γᾶρ
1065 1061 1180 1118 τῶν
1208 1080 1276 1119 τε
1297 1054 1581 1135 νυκτέρων
1609 1055 1760 1119 πάνυ

431 1144 695 1222 φίλτρων
722 1143 969 1222 μεγίστη
1000 1144 1263 1221 γίγνεται
1290 1146 1531 1220 βροτοῖς
1558 1140 1746 1223 χάρις
1732 1141 1782 1224 ]

427 1228 601 1290 ἄκουε
631 1224 700 1304 δή
730 1247 851 1290 νυν·
895 1226 998 1290 τὸν
1028 1229 1280 1290 θανόντα
1306 1223 1458 1287 τόνδ’
1494 1226 1669 1306 ὁρᾶς·
1652 1276 1672 1305 ‚

425 1317 632 1375 τοῦτον
662 1319 851 1376 καλῶς
881 1317 1031 1390 δρῶν
1061 1312 1202 1375 ὄντα
1231 1308 1518 1387 κηδεστὴν
1547 1309 1721 1373 σέθεν

427 1395 686 1477 δράσεις·
734 1399 860 1462 ἑνός
887 1421 989 1474 μοι
1017 1401 1195 1473 μῦθος
1219 1394 1417 1472 ἐνδεὴς
1446 1394 1553 1458 ἔτι.

425 1486 483 1546 εἴ
505 1507 606 1560 μοι
637 1481 867 1561 γένοιτο
899 1481 1220 1559 φθόγγος’
1195 1505 1258 1541 εν
1284 1482 1573 1559 βραχίοσι

429 1569 522 1631 καὶ
550 1566 724 1646 χερσὶ
755 1567 848 1629 καὶ
879 1567 1116 1642 κόμαισι
1147 1564 1242 1626 καὶ
1271 1568 1464 1625 ποδῶν
1491 1562 1694 1641 βάσει,

427 1650 465 1726 ἢ
500 1648 803 1712 Δαιδάλου
833 1645 1194 1729 τέχναισιν
1163 1673 1199 1724 η
1232 1653 1380 1711 θεῶν
1410 1672 1584 1725 τινος,

427 1735 504 1800 ὧς
534 1733 765 1799 πάνθ’“
738 1739 956 1813 ομαρτῆ
988 1740 1110 1795 σῶν
1139 1732 1337 1812 ἔχοιτο
1366 1731 1664 1810 γουνάτων

426 1820 686 1883 κλαίοντ’
692 1869 708 1894 ,
741 1816 1173 1892 ἑπισκήπτοντα
1201 1818 1511 1882 παντοίους
1538 1817 1775 1898 λόγους.

426 1902 471 1965 ὦ
503 1903 763 1974 δέσποτ’,
800 1902 845 1964 ὦ
867 1903 1153 1983 μέγιστον
1172 1900 1478 1973 ’Έλλησιν
1507 1900 1679 1982 φάος,

424 1994 616 2061 πιθοῦ,
651 1986 955 2069 παράσχες
983 1993 1155 2068 χεῖρα
1181 1990 1252 2071 τῇ
1283 1989 1631 2066 πρεσβύτιδι

429 2074 699 2153 τιμωρὸν,
736 2075 788 2136 εἷ
818 2074 911 2135 καὶ
938 2071 1119 2151 μηδέν
1148 2073 1328 2143 ἐστιν,
1364 2073 1501 2155 ἀλλ’
1527 2075 1700 2151 ὅμως.

423 2161 642 2222 ἐσθλοῦ
670 2162 782 2238 γὰρ
813 2157 1018 2237 ἀνδρὸς
1047 2158 1117 2241 τῇ
1147 2158 1274 2241 δίκῃ
1305 2157 1357 2218 θ’
1388 2159 1696 2237 ὑπηρετεῖν

427 2244 520 2307 καὶ
549 2246 682 2308 τοὺς
713 2243 921 2308 κακοὺς
950 2245 1090 2322 δρᾶν
1118 2247 1421 2323 πανταχοῦ
1447 2248 1631 2309 κακῶς
1662 2244 1775 2305 ἆεί.

437 2331 628 2393 δεινόν
654 2353 744 2407 γε,
777 2331 1007 2402 θνητοῖς
1037 2328 1113 2391 ὦς
1144 2326 1373 2388 ἅπαντα
1401 2329 1727 2404 συμπίτνει,

429 2414 522 2476 καὶ
551 2417 655 2478 τὰς
685 2410 941 2491 ἀνάγκας
973 2413 1030 2471 οἱ
1058 2411 1226 2490 νόμοι
1257 2411 1554 2489 διώρισαν,

426 2498 637 2577 φίλους
666 2495 920 2559 τιθέντες
949 2495 1083 2557 τούς
1110 2519 1177 2557 τε
1203 2492 1699 2573 πολεμιωτάτους,

425 2581 666 2662 ἐχθρούς
695 2605 760 2643 τε
791 2581 924 2645 τοὺς
953 2578 1089 2660 πρὶν
1117 2578 1375 2656 εὐμενεῖς
1404 2579 1762 2657 ποιούμενοι.

424 2668 537 2745 ἐγὼ
562 2667 633 2727 σὲ
663 2666 757 2728 καὶ
787 2663 898 2727 σὸν
925 2668 1106 2726 παῖδα
1135 2664 1227 2725 καὶ
1255 2665 1437 2745 τύχας
1467 2663 1659 2742 σέθεν,

423 2749 673 2829 Ἑκάβη,
700 2751 774 2813 δι’
807 2751 1001 2812 οἴκτου
1030 2749 1200 2831 χεῖρά
1223 2751 1278 2810 θ’
1312 2751 1537 2812 ἱκεσίαν
1564 2748 1703 2832 ἔχω,

427 2835 521 2897 καὶ
548 2837 844 2914 βούλομαι
876 2841 1022 2899 θεῶν
1052 2834 1105 2894 θ’
1153 2833 1340 2897 οὕνεκ’
1372 2835 1612 2901 ἀνόσιον
1642 2833 1810 2911 ξένον

425 2920 518 2982 καὶ
547 2926 651 2983 τοῦ
680 2921 903 2983 δικαίου
931 2918 1105 2997 τήνδε
1136 2943 1234 2981 σοι
1265 2924 1464 2981 δοῦναι
1493 2921 1674 2994 δίκην,

425 3007 482 3066 εἴ
506 3028 630 3069 πως
659 3006 871 3083 φανείη
902 3003 1034 3084 γη
996 3027 1150 3065 ωστε
1181 3004 1286 3064 σοί
1309 2999 1356 3062 τ’
1392 3004 1553 3082 ἔχειν
1582 3007 1792 3079 καλῶς,

422 3088 650 3193 στρατῷ
681 3114 746 3152 τε
772 3088 851 3169 μὴ
883 3086 1117 3165 δόξαιμι
1147 3084 1495 3165 Κασάνδρας
1523 3084 1697 3166 χάριν

426 3151 664 3256 Θρῄκης
693 3172 895 3235 ἄνακτι
926 3174 1093 3236 τόνδε
1120 3174 1453 3249 βουλεῦσαι
1483 3172 1690 3250 φόνον.

425 3258 591 3318 ἔστιν
618 3281 730 3336 γαρ
758 3254 795 3341 η
828 3256 1121 3336 ταραγμὸς
1152 3253 1493 3335 εμπέπτωκέ
1518 3277 1642 3336 μοι·

423 3338 526 3403 τὸν
553 3342 736 3421 ἄνδρα
763 3345 971 3405 τοῦτον
998 3341 1260 3418 φίλιονε
1231 3345 1462 3419 ηγεῖται
1494 3339 1759 3421 στρατὸς,

422 3423 528 3489 τὸν
557 3425 917 3487 κατθανόντα
947 3422 995 3486 δ’
1032 3425 1265 3505 ἐχθρόν·
1315 3426 1367 3489 εἰ
1396 3427 1460 3487 δὲ
1492 3425 1588 3487 σοὶ
1618 3425 1796 3504 φίλος

419 3507 502 3570 ὅδ’
535 3510 683 3579 ἐστὶ,
716 3508 895 3590 χωρὶς
925 3512 1097 3570 τοῦτο
1130 3509 1231 3571 κοῦ
1264 3509 1459 3572 κοινὸν
1488 3511 1736 3592 στρατῷ.

418 3594 563 3670 πρὸς
593 3599 774 3657 ταῦτα
802 3590 1086 3673 φρόντιζ’·
1133 3591 1209 3658 ὦς
1240 3592 1490 3657 θέλοντα
1516 3595 1621 3675 μέν
1647 3595 1707 3674 μ’
1740 3593 1896 3678 ἔχεις

2132 563 2233 611 825

2128 986 2230 1034 830

2129 1409 2227 1456 835

2123 1829 2227 1878 840

2122 2256 2222 2305 845

2119 2681 2224 2730 850

2123 3097 2222 3148 865
