2492 4092
269 322 321 373 U
342 323 364 374 ί
1095 329 1419 374 ΕΥΡΙΠΙΔΟΥ

436 470 595 547 πλὴν
621 472 702 556 τῷ
734 473 962 536 τεκόντι
993 469 1173 548 κάρτα
1201 467 1498 548 δυσμαθὴς
1531 472 1697 534 ἰδεῖν.

432 556 554 623 οὔτ’
587 555 865 635 ὀμμάτων
888 558 1000 636 γᾶρ
1029 559 1207 633 δῆλος
1236 556 1310 632 ἥν
1339 553 1702 621 κατάστασις

432 641 555 705 οὔτ’
588 642 799 723 εὐφυὲς
827 642 1162 720 πρόσωπον,
1196 640 1339 718 αἷμα
1367 636 1415 701 δ’
1450 638 1520 715 ἐξ
1545 638 1726 719 ἄκρου

434 725 640 801 ἔσταξε
673 724 899 805 κρατὸς,
932 723 1426 806 συμπεφυρμένον
1454 725 1608 803 πυρὶ,
2096 776 2115 791 2

432 811 647 892 σάρκες
677 810 725 872 δ’
761 810 860 873 ἀπ’
894 809 1119 874 ὀστέων
1148 810 1307 874 ὥστε
1335 808 1608 873 πεύκινον
1637 808 1815 890 δάκρυ
2103 823 2237 872 1200

327 970 348 983 ,
431 898 711 974 γναθμοΐς
743 892 984 971 ἀδήλοις
1014 894 1342 975 φαρμάκων
1370 892 1673 974 ἀπέρρεον,

429 978 623 1059 δεινὸν
655 979 863 1058 θέαμα·
907 980 1062 1042 πᾶσι
1092 976 1139 1041 δ’
1172 978 1246 1055 ἦν
1276 980 1472 1058 φόβος
1502 982 1692 1058 θιγεῖν

430 1069 659 1143 νεκροῦ·
706 1066 892 1145 τύχην
918 1066 1031 1145 γὰρ
1063 1065 1303 1143 εἴχομεν
1331 1061 1711 1128 διδάσκαλον.

429 1148 622 1230 πατὴρ
651 1147 699 1211 δ’
734 1153 766 1212 ὁ
788 1148 1030 1227 τλήμων
1052 1147 1360 1228 ξυμφορᾶς
1389 1149 1657 1231 ἀγνωσία
2262 1210 2271 1221 ,

428 1234 599 1314 ἄφνω
629 1237 977 1313 προσελθὼν
1005 1237 1169 1312 δῶμα
1197 1237 1547 1314 προσπίτνει
1577 1234 1784 1318 νεκρῷ·
2010 1276 2017 1281 -
2099 1245 2231 1296 1205

429 1318 639 1403 ᾤμωξε
668 1317 715 1381 δ’
752 1319 938 1390 εὐθὺς,
974 1319 1069 1381 καὶ
1097 1317 1452 1397 περιπτύξας
1483 1317 1659 1397 δέμας

431 1409 594 1467 κυνεΐ
616 1408 967 1483 προσαυδῶν
995 1402 1202 1467 τοιάδ’·
1246 1402 1293 1466 ὦ
1325 1403 1575 1479 δύστηνε
1602 1407 1732 1482 παῖ,

428 1490 517 1554 τίς
547 1494 605 1549 σ’
635 1491 732 1551 ὧδ’
765 1489 982 1567 ἀτίμως
1012 1490 1305 1567 δαιμόνων
1334 1488 1646 1552 ἀπώλεσεν
1668 1513 1685 1565 ;

427 1574 516 1638 τίς
544 1573 649 1637 τὸν
676 1572 925 1655 γέροντα
951 1573 1180 1652 τύμβον
1209 1574 1473 1652 ὀρφανὸν
1503 1573 1680 1636 σέθεν

345 1696 350 1702 ·
426 1658 694 1734 τίθησιν;
741 1660 918 1738 οἴμοι,
949 1655 1296 1735 ξυνθάνοιμί
1321 1681 1438 1733 σοι,
1463 1656 1684 1723 τέκνον.
2099 1669 2237 1717 1210

426 1742 556 1805 ἐπεὶ
586 1746 650 1805 δὲ
680 1740 907 1823 θρήνων
937 1741 1031 1803 καὶ
1058 1741 1218 1817 γόων
1241 1740 1567 1811 ἐπαύσατο,

425 1823 660 1911 χρῄζων
686 1825 924 1905 γεραιὸν
953 1823 1353 1901 ἐξαναστῆσαι
1383 1822 1577 1902 δέμας,

425 1909 767 1991 προσείχεθ
797 1910 953 1974 ὥστε
983 1909 1191 1976 κισσὸς
1222 1909 1455 1990 ἔρνεσιν
1486 1907 1711 1989 δάφνης

425 1999 702 2059 λεπτοῖσι
731 1993 998 2066 πέπλοις,
1034 1997 1196 2058 δεινὰ
1225 1996 1277 2056 δ’
1309 1993 1383 2071 ἦν
1411 1995 1816 2072 παλαίσματα·

425 2082 460 2143 ὅ
488 2082 597 2158 μὲν
624 2083 738 2160 γὰρ
766 2078 934 2158 ἤθελ’
984 2078 1385 2156 ἐξαναστῆσαι
1415 2081 1577 2160 γόνυ,
2099 2091 2233 2142 1215

424 2164 462 2244 ἦ
494 2170 543 2228 δ’
576 2164 932 2240 ἀντελάζυθ·
982 2167 1035 2228 εἰ
1064 2167 1128 2227 δὲ
1157 2164 1302 2245 πρὸς
1329 2165 1473 2242 βίαν
1500 2165 1656 2245 ἄγοι,

426 2248 649 2329 σάρκας
677 2251 916 2330 γεραιᾶς
946 2247 1283 2329 ἐσπάρασσ’
1317 2247 1413 2312 ἀπ’
1448 2249 1692 2314 ὀστέων.

425 2336 621 2418 χρόνῳ
651 2338 702 2396 δ’
735 2333 960 2410 ἀπέστη
992 2334 1088 2398 καὶ
1107 2338 1317 2415 μεθη“χ’
1350 2335 1383 2396 ’ὁ
1413 2335 1703 2415 δύσμορος

427 2419 651 2499 ψυχήν.
699 2423 877 2481 κακοῦ
906 2421 1018 2497 γὰρ
1049 2417 1234 2481 οὐκέτ’
1267 2417 1341 2494 ἦν
1369 2417 1695 2496 ὑπέρτερος.

430 2507 649 2567 κεῖνται
679 2503 743 2562 δὲ
773 2500 965 2580 νεκροὶ
995 2508 1132 2568 παῖς
1159 2526 1226 2564 τε
1257 2502 1349 2563 καὶ
1378 2499 1566 2580 γέρων
1594 2498 1783 2578 πατὴρ
2100 2514 2234 2565 1220

427 2584 633 2662 πέλας,
663 2584 905 2662 ποθεινὴ
936 2586 1238 2665 δακρύοισι
1271 2583 1567 2666 συμφορά.
2268 2586 2274 2591 ”

431 2669 535 2733 καί
556 2694 658 2747 μοι
685 2669 755 2744 τὸ
784 2671 893 2749 μὲν
923 2667 1034 2731 σὸν
1065 2672 1331 2733 ἐκποδὼν
1360 2672 1514 2734 ἔστω
1545 2671 1750 2752 λόγου·

428 2756 647 2835 γνώσει
676 2756 790 2834 γὰρ
820 2754 964 2833 αὐτὴ
998 2754 1200 2833 ζημίας
1229 2753 1642 2836 ἀποστροφήν.

429 2842 504 2902 τὰ
533 2841 715 2916 θνητὰ
743 2841 796 2901 δ’
829 2841 900 2904 οὗ
928 2844 1033 2903 νῦν
1062 2843 1293 2920 πρῶτον
1319 2839 1572 2919 ἡγοῦμαι
1602 2841 1792 2909 σκιὰν,

429 2925 554 2988 οὔδ’
585 2922 659 2987 ἂν
688 2922 900 3004 τρέσας
925 2926 1146 3003 εἴποιμι
1175 2924 1311 2991 τοὺς
1341 2928 1567 3004 σοφοὺς
1593 2930 1832 3004 βροτῶν
2096 2936 2229 2984 1225

432 3013 743 3073 δοκοῦντας
775 3009 923 3072 εἶναι
954 3009 1046 3072 καὶ
1073 3011 1426 3088 μεριμνητᾶς
1453 3010 1654 3088 λόγων

431 3095 671 3159 τούτους
699 3091 988 3175 μεγίστην
1013 3095 1241 3172 μωρίαν
1270 3092 1678 3172 ὀφλισκάνειν·

432 3182 654 3254 θνητῶν
680 3179 792 3257 γὰρ
823 3178 1010 3243 οὐδείς
1050 3179 1216 3240 ἐστιν
1245 3177 1532 3255 εὐδαίμων
1560 3175 1725 3256 ἀνήρ·

430 3262 623 3339 ὄλβου
652 3260 700 3323 δ’
732 3261 1100 3342 ἐπιρρυέντος
1139 3262 1555 3343 εὐτυχέστερος

433 3347 624 3410 ἄλλου
651 3344 870 3426 γένοιτ’
902 3344 978 3411 ἂν
1004 3350 1209 3419 ἄλλος,
1245 3348 1534 3425 εὐδαίμων
1565 3346 1617 3411 δ’
1643 3344 1722 3413 ,ἂν
1750 3346 1841 3408 οὔ,
2103 3359 2236 3409 1230

264 3435 397 3496 XO.
433 3432 583 3512 ἔοιχ’
617 3433 650 3493 ὁ
679 3432 902 3509 δαίμων
923 3433 1122 3494 πολλὰ
1150 3431 1276 3516 τῇδ’
1308 3433 1373 3494 ἐν
1399 3430 1585 3513 ἡμέρᾳ

389 3596 393 3600 Α
436 3521 584 3581 κακᾶ
613 3513 908 3597 ξυνάψειν
937 3517 1173 3583 ἐνδίκως
1200 3517 1447 3580 Ἰάσονι.

434 3600 481 3662 ὦ
511 3603 754 3680 τλῆμον,
790 3601 867 3666 ὥς
899 3625 1008 3662 σου
1037 3597 1342 3682 ξυμφορὰς
1370 3601 1749 3681 οἷκτείρομεν,

438 3686 577 3763 κόρη
603 3685 910 3765 Κρέοντος,
942 3685 1068 3764 ἥτις
1097 3687 1182 3753 εἰς
1201 3683 1412 3750 Ἃιδου
1442 3687 1653 3765 δόμους
