<?xml version="1.0" encoding="UTF-8"?>
<!DOCTYPE html PUBLIC "-//W3C//DTD XHTML 1.0 Transitional//EN"
    "http://www.w3.org/TR/xhtml1/DTD/xhtml1-transitional.dtd">
<html xmlns="http://www.w3.org/1999/xhtml" xml:lang="en" lang="en">
 <head>
  <title>
</title>
<meta http-equiv="Content-Type" content="text/html;charset=utf-8" />
  <meta name='ocr-system' content='tesseract 3.04.00' />
  <meta name='ocr-capabilities' content='ocr_page ocr_carea ocr_par ocr_line ocrx_word'/>
</head>
<body>
  <div class='ocr_page' id='page_1' title='image "./hecubaandmedeae00unkngoog_0118.png"; bbox 0 0 2492 4092; ppageno 0'>
   <div class='ocr_carea' id='block_1_1' title="bbox 241 324 1389 374">
    <p class='ocr_par' dir='ltr' id='par_1_1' title="bbox 241 324 1389 374">
     <span class='ocr_line' id='line_1_1' title="bbox 241 324 1389 374; baseline -0.003 0"><span class='ocrx_word' id='word_1_1' title='bbox 241 324 336 374; x_wconf 70' lang='lat'>104</span> <span class='ocrx_word' id='word_1_2' title='bbox 1065 328 1389 373; x_wconf 59' lang='lat' dir='ltr'>bremme?</span> 
     </span>
    </p>
   </div>
   <div class='ocr_carea' id='block_1_2' title="bbox 198 469 1778 3772">
    <p class='ocr_par' dir='ltr' id='par_1_2' title="bbox 198 469 1778 3772">
     <span class='ocr_line' id='line_1_2' title="bbox 408 469 1747 550; baseline 0 -17"><span class='ocrx_word' id='word_1_3' title='bbox 408 469 640 550; x_wconf 89' lang='grc' dir='ltr'>νύμφης</span> <span class='ocrx_word' id='word_1_4' title='bbox 667 470 950 536; x_wconf 77' lang='grc' dir='ltr'>τεκνώσει</span> <span class='ocrx_word' id='word_1_5' title='bbox 976 470 1159 541; x_wconf 78' lang='grc' dir='ltr'>παῖδ’,</span> <span class='ocrx_word' id='word_1_6' title='bbox 1193 470 1321 532; x_wconf 86' lang='grc' dir='ltr'>ἐπεὶ</span> <span class='ocrx_word' id='word_1_7' title='bbox 1352 469 1533 550; x_wconf 76' lang='grc' dir='ltr'>κακὴν</span> <span class='ocrx_word' id='word_1_8' title='bbox 1562 476 1747 537; x_wconf 73' lang='grc' dir='ltr'>κακῶς</span> 
     </span>
     <span class='ocr_line' id='line_1_3' title="bbox 411 554 1763 637; baseline 0.004 -18"><span class='ocrx_word' id='word_1_9' title='bbox 411 561 613 620; x_wconf 88' lang='grc' dir='ltr'>θανεῖν</span> <span class='ocrx_word' id='word_1_10' title='bbox 641 554 746 637; x_wconf 88' lang='grc' dir='ltr'>σφ’</span> <span class='ocrx_word' id='word_1_11' title='bbox 780 554 1001 635; x_wconf 79' lang='grc' dir='ltr'>ἀνάγκη</span> <span class='ocrx_word' id='word_1_12' title='bbox 1032 560 1156 620; x_wconf 87' lang='grc' dir='ltr'>τοῖς</span> <span class='ocrx_word' id='word_1_13' title='bbox 1184 558 1382 633; x_wconf 79' lang='grc' dir='ltr'>ἐμοῖσι</span> <span class='ocrx_word' id='word_1_14' title='bbox 1413 555 1763 636; x_wconf 69' lang='grc' dir='ltr'>φαρμάκοις.</span> 
     </span>
     <span class='ocr_line' id='line_1_4' title="bbox 405 640 1568 720; baseline 0.002 -18"><span class='ocrx_word' id='word_1_15' title='bbox 405 641 607 719; x_wconf 91' lang='grc' dir='ltr'>μηδείς</span> <span class='ocrx_word' id='word_1_16' title='bbox 634 665 710 718; x_wconf 87' lang='grc' dir='ltr'>με</span> <span class='ocrx_word' id='word_1_17' title='bbox 738 643 975 720; x_wconf 82' lang='grc' dir='ltr'>φαύλην</span> <span class='ocrx_word' id='word_1_18' title='bbox 1004 640 1261 718; x_wconf 83' lang='grc' dir='ltr'>κᾶσθενῆ</span> <span class='ocrx_word' id='word_1_19' title='bbox 1290 640 1568 718; x_wconf 80' lang='grc' dir='ltr'>νομιζέτω</span> 
     </span>
     <span class='ocr_line' id='line_1_5' title="bbox 309 723 1626 805; baseline 0.001 -17"><span class='ocrx_word' id='word_1_20' title='bbox 309 766 316 769; x_wconf 91' lang='grc'>-</span> <span class='ocrx_word' id='word_1_21' title='bbox 406 727 542 803; x_wconf 78' lang='grc' dir='ltr'>μηδ’</span> <span class='ocrx_word' id='word_1_22' title='bbox 574 726 891 805; x_wconf 87' lang='grc' dir='ltr'>ἡσυχαίαν,</span> <span class='ocrx_word' id='word_1_23' title='bbox 927 727 1085 787; x_wconf 74' lang='grc' dir='ltr'>ἀλλὰ</span> <span class='ocrx_word' id='word_1_24' title='bbox 1115 723 1358 804; x_wconf 86' lang='grc' dir='ltr'>θατέρου</span> <span class='ocrx_word' id='word_1_25' title='bbox 1387 726 1626 805; x_wconf 83' lang='grc' dir='ltr'>τρόπου,</span> 
     </span>
     <span class='ocr_line' id='line_1_6' title="bbox 408 810 1625 890; baseline 0.002 -20"><span class='ocrx_word' id='word_1_26' title='bbox 408 815 659 889; x_wconf 87' lang='grc' dir='ltr'>βαρεῖαν</span> <span class='ocrx_word' id='word_1_27' title='bbox 688 812 922 890; x_wconf 81' lang='grc' dir='ltr'>ἐχθροῖς</span> <span class='ocrx_word' id='word_1_28' title='bbox 952 810 1045 872; x_wconf 88' lang='grc' dir='ltr'>καὶ</span> <span class='ocrx_word' id='word_1_29' title='bbox 1087 810 1361 888; x_wconf 84' lang='grc' dir='ltr'>φίλοισιν</span> <span class='ocrx_word' id='word_1_30' title='bbox 1391 810 1625 889; x_wconf 81' lang='grc' dir='ltr'>εὐμενῆ·</span> 
     </span>
     <span class='ocr_line' id='line_1_7' title="bbox 408 893 1607 975; baseline 0.004 -20"><span class='ocrx_word' id='word_1_31' title='bbox 408 901 526 955; x_wconf 86' lang='grc' dir='ltr'>τῶν</span> <span class='ocrx_word' id='word_1_32' title='bbox 554 896 665 975; x_wconf 76' lang='grc' dir='ltr'>γὰρ</span> <span class='ocrx_word' id='word_1_33' title='bbox 694 895 973 958; x_wconf 80' lang='grc' dir='ltr'>τοιούτων</span> <span class='ocrx_word' id='word_1_34' title='bbox 1003 893 1420 960; x_wconf 81' lang='grc' dir='ltr'>εὐκλεέστατος</span> <span class='ocrx_word' id='word_1_35' title='bbox 1449 896 1607 971; x_wconf 88' lang='grc' dir='ltr'>βίος.</span> 
     </span>
     <span class='ocr_line' id='line_1_8' title="bbox 239 980 1585 1058; baseline -0.002 -14"><span class='ocrx_word' id='word_1_36' title='bbox 239 983 373 1044; x_wconf 76' lang='lat' dir='ltr'>XO,</span> <span class='ocrx_word' id='word_1_37' title='bbox 411 980 648 1058; x_wconf 90' lang='grc' dir='ltr'>ἐπείπερ</span> <span class='ocrx_word' id='word_1_38' title='bbox 677 980 816 1056; x_wconf 87' lang='grc' dir='ltr'>ἡμῖν</span> <span class='ocrx_word' id='word_1_39' title='bbox 845 981 1001 1043; x_wconf 77' lang='grc' dir='ltr'>τόνδ’</span> <span class='ocrx_word' id='word_1_40' title='bbox 1033 980 1352 1043; x_wconf 89' lang='grc' dir='ltr'>ἐκοίνωσας</span> <span class='ocrx_word' id='word_1_41' title='bbox 1380 981 1585 1057; x_wconf 84' lang='grc' dir='ltr'>λόγον,</span> 
     </span>
     <span class='ocr_line' id='line_1_9' title="bbox 410 1062 1757 1144; baseline 0.002 -19"><span class='ocrx_word' id='word_1_42' title='bbox 410 1062 482 1125; x_wconf 91' lang='grc' dir='ltr'>σέ</span> <span class='ocrx_word' id='word_1_43' title='bbox 508 1064 561 1125; x_wconf 68' lang='grc' dir='ltr'>τ’</span> <span class='ocrx_word' id='word_1_44' title='bbox 592 1064 853 1142; x_wconf 84' lang='grc' dir='ltr'>ὠφελεῖν</span> <span class='ocrx_word' id='word_1_45' title='bbox 882 1063 1140 1125; x_wconf 87' lang='grc' dir='ltr'>θέλουσα</span> <span class='ocrx_word' id='word_1_46' title='bbox 1169 1065 1266 1126; x_wconf 85' lang='grc' dir='ltr'>καὶ</span> <span class='ocrx_word' id='word_1_47' title='bbox 1294 1063 1494 1141; x_wconf 80' lang='grc' dir='ltr'>νόμοις</span> <span class='ocrx_word' id='word_1_48' title='bbox 1520 1068 1757 1144; x_wconf 92' lang='grc' dir='ltr'>βροτῶν</span> 
     </span>
     <span class='ocr_line' id='line_1_10' title="bbox 409 1145 1721 1227; baseline 0.003 -17"><span class='ocrx_word' id='word_1_49' title='bbox 409 1145 935 1226; x_wconf 74' lang='grc' dir='ltr'>ξυλλαμβάνουσα,</span> <span class='ocrx_word' id='word_1_50' title='bbox 966 1145 1112 1227; x_wconf 79' lang='grc' dir='ltr'>δρᾶν</span> <span class='ocrx_word' id='word_1_51' title='bbox 1141 1147 1196 1208; x_wconf 90' lang='grc' dir='ltr'>σ’</span> <span class='ocrx_word' id='word_1_52' title='bbox 1231 1146 1535 1211; x_wconf 81' lang='grc' dir='ltr'>ἀπεννέπω</span> <span class='ocrx_word' id='word_1_53' title='bbox 1566 1147 1721 1214; x_wconf 91' lang='grc' dir='ltr'>τάδε.</span> 
     </span>
     <span class='ocr_line' id='line_1_11' title="bbox 198 1232 1778 1315; baseline 0.001 -20"><span class='ocrx_word' id='word_1_54' title='bbox 198 1237 390 1296; x_wconf 66' lang='lat' dir='ltr'><strong><em>‘MH.</em></strong></span> <span class='ocrx_word' id='word_1_55' title='bbox 416 1233 520 1295; x_wconf 84' lang='grc' dir='ltr'>οὐκ</span> <span class='ocrx_word' id='word_1_56' title='bbox 551 1232 713 1296; x_wconf 89' lang='grc' dir='ltr'>ἔστιν</span> <span class='ocrx_word' id='word_1_57' title='bbox 742 1236 965 1300; x_wconf 81' lang='grc' dir='ltr'>ἄλλως·</span> <span class='ocrx_word' id='word_1_58' title='bbox 1008 1235 1107 1296; x_wconf 87' lang='grc' dir='ltr'>σοὶ</span> <span class='ocrx_word' id='word_1_59' title='bbox 1136 1237 1202 1297; x_wconf 76' lang='grc' dir='ltr'>δὲ</span> <span class='ocrx_word' id='word_1_60' title='bbox 1229 1235 1547 1315; x_wconf 81' lang='grc' dir='ltr'>συγγνώμη</span> <span class='ocrx_word' id='word_1_61' title='bbox 1576 1233 1778 1315; x_wconf 86' lang='grc' dir='ltr'>λέγειν</span> 
     </span>
     <span class='ocr_line' id='line_1_12' title="bbox 412 1316 1714 1400; baseline 0.003 -23"><span class='ocrx_word' id='word_1_62' title='bbox 412 1319 539 1379; x_wconf 80' lang='grc' dir='ltr'>τάδ’</span> <span class='ocrx_word' id='word_1_63' title='bbox 572 1318 720 1389; x_wconf 73' lang='grc' dir='ltr'>ἐστὶ,</span> <span class='ocrx_word' id='word_1_64' title='bbox 753 1318 833 1397; x_wconf 76' lang='grc' dir='ltr'>μὴ</span> <span class='ocrx_word' id='word_1_65' title='bbox 863 1316 1218 1400; x_wconf 80' lang='grc' dir='ltr'>πάσχουσαν</span> <span class='ocrx_word' id='word_1_66' title='bbox 1251 1317 1327 1382; x_wconf 81' lang='grc' dir='ltr'>ὧς</span> <span class='ocrx_word' id='word_1_67' title='bbox 1357 1319 1470 1398; x_wconf 82' lang='grc' dir='ltr'>ἐγὼ</span> <span class='ocrx_word' id='word_1_68' title='bbox 1505 1327 1714 1383; x_wconf 84' lang='grc' dir='ltr'>κακῶς.</span> 
     </span>
     <span class='ocr_line' id='line_1_13' title="bbox 242 1401 1755 1484; baseline 0.001 -18"><span class='ocrx_word' id='word_1_69' title='bbox 242 1408 377 1467; x_wconf 91' lang='lat' dir='ltr'>XO.</span> <span class='ocrx_word' id='word_1_70' title='bbox 410 1402 569 1465; x_wconf 82' lang='grc' dir='ltr'>ἆλλᾶ</span> <span class='ocrx_word' id='word_1_71' title='bbox 598 1409 827 1467; x_wconf 88' lang='grc' dir='ltr'>κτανεῖν</span> <span class='ocrx_word' id='word_1_72' title='bbox 858 1403 945 1466; x_wconf 78' lang='grc' dir='ltr'>σὼ</span> <span class='ocrx_word' id='word_1_73' title='bbox 976 1407 1151 1467; x_wconf 83' lang='grc' dir='ltr'>παῖδε</span> <span class='ocrx_word' id='word_1_74' title='bbox 1176 1401 1515 1481; x_wconf 80' lang='grc' dir='ltr'>τολμήσεις,</span> <span class='ocrx_word' id='word_1_75' title='bbox 1547 1403 1755 1484; x_wconf 80' lang='grc' dir='ltr'>γύναι;</span> 
     </span>
     <span class='ocr_line' id='line_1_14' title="bbox 242 1486 1590 1570; baseline -0.001 -20"><span class='ocrx_word' id='word_1_76' title='bbox 242 1489 559 1551; x_wconf 81' lang='grc' dir='ltr'>ΜΗ.οὕτω</span> <span class='ocrx_word' id='word_1_77' title='bbox 588 1490 700 1567; x_wconf 78' lang='grc' dir='ltr'>γὰρ</span> <span class='ocrx_word' id='word_1_78' title='bbox 731 1486 805 1553; x_wconf 79' lang='grc' dir='ltr'>ἂν</span> <span class='ocrx_word' id='word_1_79' title='bbox 831 1486 1097 1565; x_wconf 89' lang='grc' dir='ltr'>μάλιστα</span> <span class='ocrx_word' id='word_1_80' title='bbox 1125 1489 1366 1570; x_wconf 86' lang='grc' dir='ltr'>δηχθείη</span> <span class='ocrx_word' id='word_1_81' title='bbox 1395 1488 1590 1554; x_wconf 80' lang='grc' dir='ltr'>πόσις.</span> 
     </span>
     <span class='ocr_line' id='line_1_15' title="bbox 240 1569 1530 1654; baseline -0.002 -18"><span class='ocrx_word' id='word_1_82' title='bbox 240 1577 376 1636; x_wconf 90' lang='lat' dir='ltr'>XO.</span> <span class='ocrx_word' id='word_1_83' title='bbox 406 1573 480 1635; x_wconf 81' lang='grc' dir='ltr'>σὺ</span> <span class='ocrx_word' id='word_1_84' title='bbox 511 1576 559 1633; x_wconf 89' lang='grc' dir='ltr'>δ’</span> <span class='ocrx_word' id='word_1_85' title='bbox 594 1572 666 1635; x_wconf 81' lang='grc' dir='ltr'>ἂν</span> <span class='ocrx_word' id='word_1_86' title='bbox 694 1574 891 1654; x_wconf 88' lang='grc' dir='ltr'>γένοιό</span> <span class='ocrx_word' id='word_1_87' title='bbox 911 1574 969 1652; x_wconf 77' lang='grc' dir='ltr'>γ’</span> <span class='ocrx_word' id='word_1_88' title='bbox 1001 1572 1331 1648; x_wconf 83' lang='grc' dir='ltr'>ἀθλιωτάτη</span> <span class='ocrx_word' id='word_1_89' title='bbox 1362 1569 1530 1653; x_wconf 84' lang='grc' dir='ltr'>γυνή.</span> 
     </span>
     <span class='ocr_line' id='line_1_16' title="bbox 217 1648 1660 1738; baseline 0 -19"><span class='ocrx_word' id='word_1_90' title='bbox 217 1648 398 1719; x_wconf 62' lang='grc' dir='ltr'>ΜΗ.</span> <span class='ocrx_word' id='word_1_91' title='bbox 417 1659 541 1718; x_wconf 78' lang='grc' dir='ltr'>ἴτω·</span> <span class='ocrx_word' id='word_1_92' title='bbox 588 1659 865 1736; x_wconf 87' lang='grc' dir='ltr'>περισσοὶ</span> <span class='ocrx_word' id='word_1_93' title='bbox 894 1655 1111 1721; x_wconf 80' lang='grc' dir='ltr'>πάντες</span> <span class='ocrx_word' id='word_1_94' title='bbox 1141 1657 1245 1718; x_wconf 81' lang='grc' dir='ltr'>οὖν</span> <span class='ocrx_word' id='word_1_95' title='bbox 1272 1653 1434 1738; x_wconf 77' lang='grc' dir='ltr'>μέσῳ</span> <span class='ocrx_word' id='word_1_96' title='bbox 1463 1657 1660 1736; x_wconf 82' lang='grc' dir='ltr'>λόγοι.</span> 
     </span>
     <span class='ocr_line' id='line_1_17' title="bbox 411 1737 1527 1821; baseline 0.001 -20"><span class='ocrx_word' id='word_1_97' title='bbox 411 1740 552 1803; x_wconf 78' lang='grc' dir='ltr'>ἀλλ’</span> <span class='ocrx_word' id='word_1_98' title='bbox 577 1741 671 1804; x_wconf 84' lang='grc' dir='ltr'>εἶα</span> <span class='ocrx_word' id='word_1_99' title='bbox 699 1742 883 1821; x_wconf 91' lang='grc' dir='ltr'>χώρει</span> <span class='ocrx_word' id='word_1_100' title='bbox 914 1741 1007 1802; x_wconf 85' lang='grc' dir='ltr'>καὶ</span> <span class='ocrx_word' id='word_1_101' title='bbox 1039 1740 1231 1817; x_wconf 80' lang='grc' dir='ltr'>κόμιζ’</span> <span class='ocrx_word' id='word_1_102' title='bbox 1265 1737 1527 1805; x_wconf 86' lang='grc' dir='ltr'>Ἰάσονα·</span> 
     </span>
     <span class='ocr_line' id='line_1_18' title="bbox 412 1822 1706 1904; baseline 0.002 -18"><span class='ocrx_word' id='word_1_103' title='bbox 412 1826 473 1890; x_wconf 90' lang='grc' dir='ltr'>ἐς</span> <span class='ocrx_word' id='word_1_104' title='bbox 501 1822 696 1886; x_wconf 83' lang='grc' dir='ltr'>πάντα</span> <span class='ocrx_word' id='word_1_105' title='bbox 723 1829 837 1903; x_wconf 78' lang='grc' dir='ltr'>γὰρ</span> <span class='ocrx_word' id='word_1_106' title='bbox 869 1823 937 1901; x_wconf 78' lang='grc' dir='ltr'>δὴ</span> <span class='ocrx_word' id='word_1_107' title='bbox 970 1824 1069 1885; x_wconf 86' lang='grc' dir='ltr'>σοὶ</span> <span class='ocrx_word' id='word_1_108' title='bbox 1098 1826 1171 1885; x_wconf 79' lang='grc' dir='ltr'>τὰ</span> <span class='ocrx_word' id='word_1_109' title='bbox 1199 1825 1381 1887; x_wconf 79' lang='grc' dir='ltr'>πιστᾶ</span> <span class='ocrx_word' id='word_1_110' title='bbox 1408 1824 1706 1904; x_wconf 84' lang='grc' dir='ltr'>χρώμεθα.</span> 
     </span>
     <span class='ocr_line' id='line_1_19' title="bbox 413 1906 1609 1993; baseline 0.002 -22"><span class='ocrx_word' id='word_1_111' title='bbox 413 1906 591 1993; x_wconf 77' lang='grc' dir='ltr'>λέξῃς</span> <span class='ocrx_word' id='word_1_112' title='bbox 621 1912 685 1972; x_wconf 77' lang='grc' dir='ltr'>δὲ</span> <span class='ocrx_word' id='word_1_113' title='bbox 711 1910 894 1986; x_wconf 77' lang='grc' dir='ltr'>μηδὲν</span> <span class='ocrx_word' id='word_1_114' title='bbox 921 1906 1039 1972; x_wconf 75' lang='grc' dir='ltr'>τῶν</span> <span class='ocrx_word' id='word_1_115' title='bbox 1067 1908 1195 1987; x_wconf 87' lang='grc' dir='ltr'>ἐμοὶ</span> <span class='ocrx_word' id='word_1_116' title='bbox 1225 1908 1609 1988; x_wconf 84' lang='grc' dir='ltr'>δεδογμένων,</span> 
     </span>
     <span class='ocr_line' id='line_1_20' title="bbox 414 1993 1752 2089; baseline 0 -31"><span class='ocrx_word' id='word_1_117' title='bbox 414 1997 577 2074; x_wconf 85' lang='grc' dir='ltr'>εἴπερ</span> <span class='ocrx_word' id='word_1_118' title='bbox 606 1999 845 2074; x_wconf 86' lang='grc' dir='ltr'>φρονεῖς</span> <span class='ocrx_word' id='word_1_119' title='bbox 876 1994 940 2057; x_wconf 76' lang='grc' dir='ltr'>εὖ</span> <span class='ocrx_word' id='word_1_120' title='bbox 969 1996 1290 2059; x_wconf 88' lang='grc' dir='ltr'>δεσπόταις</span> <span class='ocrx_word' id='word_1_121' title='bbox 1317 1993 1463 2074; x_wconf 86' lang='grc' dir='ltr'>γυνή</span> <span class='ocrx_word' id='word_1_122' title='bbox 1497 1996 1551 2061; x_wconf 71' lang='grc' dir='ltr'>τ’</span> <span class='ocrx_word' id='word_1_123' title='bbox 1586 1996 1752 2089; x_wconf 52' lang='grc' dir='ltr'>ἔφυς..</span> 
     </span>
     <span class='ocr_line' id='line_1_21' title="bbox 416 2102 1312 2156; baseline 0.002 -3"><span class='ocrx_word' id='word_1_124' title='bbox 416 2108 432 2124; x_wconf 82' lang='grc'><strong>’</strong></span> <span class='ocrx_word' id='word_1_125' title='bbox 1137 2122 1203 2154; x_wconf 86' lang='grc' dir='ltr'>στ</span> <span class='ocrx_word' id='word_1_126' title='bbox 1226 2140 1241 2156; x_wconf 84' lang='grc'><strong>.</strong></span> <span class='ocrx_word' id='word_1_127' title='bbox 1268 2102 1312 2155; x_wconf 74' lang='grc' dir='ltr'>ά.</span> 
     </span>
     <span class='ocr_line' id='line_1_22' title="bbox 242 2123 1425 2250; baseline 0.001 -18"><span class='ocrx_word' id='word_1_128' title='bbox 242 2175 378 2237; x_wconf 81' lang='lat' dir='ltr'>XO.</span> <span class='ocrx_word' id='word_1_129' title='bbox 410 2166 786 2250; x_wconf 74' lang='grc' dir='ltr'>Ἐρεχθεῖδαι</span> <span class='ocrx_word' id='word_1_130' title='bbox 819 2168 887 2232; x_wconf 83' lang='grc' dir='ltr'>τὸ</span> <span class='ocrx_word' id='word_1_131' title='bbox 917 2168 1173 2232; x_wconf 83' lang='grc' dir='ltr'>παλαιὸν</span> <span class='ocrx_word' id='word_1_132' title='bbox 1201 2123 1425 2247; x_wconf 55' lang='grc' dir='ltr'>’δ’λβιοι,</span> 
     </span>
     <span class='ocr_line' id='line_1_23' title="bbox 416 2253 1444 2336; baseline 0.001 -18"><span class='ocrx_word' id='word_1_133' title='bbox 416 2255 511 2318; x_wconf 86' lang='grc' dir='ltr'>καὶ</span> <span class='ocrx_word' id='word_1_134' title='bbox 542 2259 689 2316; x_wconf 88' lang='grc' dir='ltr'>θεῶν</span> <span class='ocrx_word' id='word_1_135' title='bbox 719 2260 923 2321; x_wconf 82' lang='grc' dir='ltr'>παῖδες</span> <span class='ocrx_word' id='word_1_136' title='bbox 949 2253 1243 2336; x_wconf 82' lang='grc' dir='ltr'>μακάρων,</span> <span class='ocrx_word' id='word_1_137' title='bbox 1282 2256 1444 2335; x_wconf 78' lang='grc' dir='ltr'>ἱερᾶς</span> 
     </span>
     <span class='ocr_line' id='line_1_24' title="bbox 412 2338 1575 2422; baseline 0.001 -20"><span class='ocrx_word' id='word_1_138' title='bbox 412 2341 612 2422; x_wconf 83' lang='grc' dir='ltr'>χώρας</span> <span class='ocrx_word' id='word_1_139' title='bbox 642 2338 972 2418; x_wconf 82' lang='grc' dir='ltr'>ἀπορθήτου</span> <span class='ocrx_word' id='word_1_140' title='bbox 1001 2341 1054 2401; x_wconf 79' lang='grc' dir='ltr'>τ’</span> <span class='ocrx_word' id='word_1_141' title='bbox 1088 2340 1575 2419; x_wconf 85' lang='grc' dir='ltr'>ἆποφερβόμενοι</span> 
     </span>
     <span class='ocr_line' id='line_1_25' title="bbox 416 2421 1766 2503; baseline 0.001 -19"><span class='ocrx_word' id='word_1_142' title='bbox 416 2421 799 2485; x_wconf 87' lang='grc' dir='ltr'>κλεινοτάταν</span> <span class='ocrx_word' id='word_1_143' title='bbox 826 2427 1068 2503; x_wconf 85' lang='grc' dir='ltr'>σοφίαν,</span> <span class='ocrx_word' id='word_1_144' title='bbox 1105 2424 1195 2487; x_wconf 81' lang='grc' dir='ltr'>ἀεὶ</span> <span class='ocrx_word' id='word_1_145' title='bbox 1226 2427 1322 2487; x_wconf 76' lang='grc' dir='ltr'>διὰ</span> <span class='ocrx_word' id='word_1_146' title='bbox 1349 2422 1766 2502; x_wconf 88' lang='grc' dir='ltr'>λαμπροτάτου</span> 
     </span>
     <span class='ocr_line' id='line_1_26' title="bbox 411 2506 1775 2587; baseline 0.004 -19"><span class='ocrx_word' id='word_1_147' title='bbox 411 2507 721 2584; x_wconf 83' lang='grc' dir='ltr'>βαίνοντες</span> <span class='ocrx_word' id='word_1_148' title='bbox 753 2507 950 2586; x_wconf 79' lang='grc' dir='ltr'>ἁβρῶς</span> <span class='ocrx_word' id='word_1_149' title='bbox 979 2506 1227 2586; x_wconf 84' lang='grc' dir='ltr'>αἰθέρος,</span> <span class='ocrx_word' id='word_1_150' title='bbox 1265 2507 1404 2570; x_wconf 84' lang='grc' dir='ltr'>ἔνθα</span> <span class='ocrx_word' id='word_1_151' title='bbox 1425 2509 1561 2570; x_wconf 76' lang='grc' dir='ltr'>ποθ’</span> <span class='ocrx_word' id='word_1_152' title='bbox 1594 2511 1775 2587; x_wconf 75' lang='grc' dir='ltr'>ἁγνᾶς</span> 
     </span>
     <span class='ocr_line' id='line_1_27' title="bbox 414 2589 1454 2670; baseline 0.002 -18"><span class='ocrx_word' id='word_1_153' title='bbox 414 2590 584 2654; x_wconf 87' lang='grc' dir='ltr'>ἐννέα</span> <span class='ocrx_word' id='word_1_154' title='bbox 613 2591 893 2670; x_wconf 91' lang='grc' dir='ltr'>Πιερίδας</span> <span class='ocrx_word' id='word_1_155' title='bbox 924 2589 1176 2655; x_wconf 89' lang='grc' dir='ltr'>Μούσας</span> <span class='ocrx_word' id='word_1_156' title='bbox 1206 2589 1454 2669; x_wconf 87' lang='grc' dir='ltr'>λέγουσι</span> 
     </span>
     <span class='ocr_line' id='line_1_28' title="bbox 418 2670 1326 2754; baseline -0.001 -16"><span class='ocrx_word' id='word_1_157' title='bbox 418 2673 639 2751; x_wconf 78' lang='grc' dir='ltr'>ξανθὰν</span> <span class='ocrx_word' id='word_1_158' title='bbox 666 2670 987 2753; x_wconf 79' lang='grc' dir='ltr'>Ἀρμονίαν</span> <span class='ocrx_word' id='word_1_159' title='bbox 1015 2679 1326 2754; x_wconf 85' lang='grc' dir='ltr'>φυτεῦσαι·</span> 
     </span>
     <span class='ocr_line' id='line_1_29' title="bbox 1143 2786 1323 2840; baseline 0.017 -2"><span class='ocrx_word' id='word_1_160' title='bbox 1143 2787 1244 2840; x_wconf 76' lang='grc' dir='ltr'>ἀντ.</span> <span class='ocrx_word' id='word_1_161' title='bbox 1278 2786 1323 2840; x_wconf 72' lang='grc' dir='ltr'>ἆ.</span> 
     </span>
     <span class='ocr_line' id='line_1_30' title="bbox 417 2844 1645 2932; baseline 0.007 -21"><span class='ocrx_word' id='word_1_162' title='bbox 417 2854 522 2912; x_wconf 82' lang='grc' dir='ltr'>τοῦ</span> <span class='ocrx_word' id='word_1_163' title='bbox 554 2848 874 2913; x_wconf 85' lang='grc' dir='ltr'>καλλινάου</span> <span class='ocrx_word' id='word_1_164' title='bbox 902 2850 955 2912; x_wconf 55' lang='grc' dir='ltr'>τ’</span> <span class='ocrx_word' id='word_1_165' title='bbox 988 2850 1105 2914; x_wconf 81' lang='grc' dir='ltr'>ἀπὸ</span> <span class='ocrx_word' id='word_1_166' title='bbox 1137 2857 1416 2932; x_wconf 82' lang='grc' dir='ltr'>Κηφισοῦ</span> <span class='ocrx_word' id='word_1_167' title='bbox 1442 2853 1584 2932; x_wconf 78' lang='grc' dir='ltr'>ῥοὰς</span> <span class='ocrx_word' id='word_1_168' title='bbox 1638 2844 1645 2853; x_wconf 50' lang='grc'><em>“</em></span> 
     </span>
     <span class='ocr_line' id='line_1_31' title="bbox 415 2935 1587 3021; baseline 0.003 -24"><span class='ocrx_word' id='word_1_169' title='bbox 415 2937 523 2998; x_wconf 75' lang='grc' dir='ltr'>τᾶν</span> <span class='ocrx_word' id='word_1_170' title='bbox 554 2935 781 3014; x_wconf 79' lang='grc' dir='ltr'>Κύπριν</span> <span class='ocrx_word' id='word_1_171' title='bbox 810 2935 1126 3021; x_wconf 76' lang='grc' dir='ltr'>κλῄζουσιν</span> <span class='ocrx_word' id='word_1_172' title='bbox 1156 2936 1587 3018; x_wconf 85' lang='grc' dir='ltr'>ἆφυσσαμέναν</span> 
     </span>
     <span class='ocr_line' id='line_1_32' title="bbox 415 3018 1561 3103; baseline 0.006 -25"><span class='ocrx_word' id='word_1_173' title='bbox 415 3018 618 3099; x_wconf 89' lang='grc' dir='ltr'>χώραν</span> <span class='ocrx_word' id='word_1_174' title='bbox 646 3027 1039 3084; x_wconf 84' lang='grc' dir='ltr'>καταπνεΰσαι</span> <span class='ocrx_word' id='word_1_175' title='bbox 1065 3023 1302 3103; x_wconf 86' lang='grc' dir='ltr'>μετρίας</span> <span class='ocrx_word' id='word_1_176' title='bbox 1332 3021 1561 3099; x_wconf 82' lang='grc' dir='ltr'>ἀνέμων</span> 
     </span>
     <span class='ocr_line' id='line_1_33' title="bbox 416 3103 1713 3184; baseline 0.004 -18"><span class='ocrx_word' id='word_1_177' title='bbox 416 3103 740 3179; x_wconf 86' lang='grc' dir='ltr'>ἡδυπνόους</span> <span class='ocrx_word' id='word_1_178' title='bbox 763 3106 961 3183; x_wconf 79' lang='grc' dir='ltr'>αὔρας·</span> <span class='ocrx_word' id='word_1_179' title='bbox 1006 3107 1097 3168; x_wconf 85' lang='grc' dir='ltr'>ἀεὶ</span> <span class='ocrx_word' id='word_1_180' title='bbox 1128 3106 1181 3167; x_wconf 79' lang='grc' dir='ltr'>δ’</span> <span class='ocrx_word' id='word_1_181' title='bbox 1225 3106 1713 3184; x_wconf 86' lang='grc' dir='ltr'>ἐπιβαλλομέναν</span> 
     </span>
     <span class='ocr_line' id='line_1_34' title="bbox 416 3187 1697 3272; baseline 0.005 -23"><span class='ocrx_word' id='word_1_182' title='bbox 416 3187 934 3269; x_wconf 86' lang='grc' dir='ltr'>χαίταισιν.εὗώδη</span> <span class='ocrx_word' id='word_1_183' title='bbox 964 3189 1186 3272; x_wconf 86' lang='grc' dir='ltr'>ῥοδέων</span> <span class='ocrx_word' id='word_1_184' title='bbox 1214 3192 1441 3253; x_wconf 87' lang='grc' dir='ltr'>πλόκον</span> <span class='ocrx_word' id='word_1_185' title='bbox 1471 3190 1697 3256; x_wconf 81' lang='grc' dir='ltr'>ἀνθέων</span> 
     </span>
     <span class='ocr_line' id='line_1_35' title="bbox 418 3271 1602 3355; baseline 0.007 -21"><span class='ocrx_word' id='word_1_186' title='bbox 418 3274 494 3353; x_wconf 79' lang='grc' dir='ltr'>τᾷ</span> <span class='ocrx_word' id='word_1_187' title='bbox 527 3271 715 3354; x_wconf 73' lang='grc' dir='ltr'>σοφίᾳ</span> <span class='ocrx_word' id='word_1_188' title='bbox 743 3273 1061 3352; x_wconf 88' lang='grc' dir='ltr'>παρέδρους</span> <span class='ocrx_word' id='word_1_189' title='bbox 1083 3274 1334 3355; x_wconf 84' lang='grc' dir='ltr'>πέμπειν</span> <span class='ocrx_word' id='word_1_190' title='bbox 1365 3275 1602 3355; x_wconf 78' lang='grc' dir='ltr'>ἔρωτας,</span> 
     </span>
     <span class='ocr_line' id='line_1_36' title="bbox 418 3356 1300 3439; baseline 0.006 -19"><span class='ocrx_word' id='word_1_191' title='bbox 418 3356 700 3421; x_wconf 84' lang='grc' dir='ltr'>παντοίας</span> <span class='ocrx_word' id='word_1_192' title='bbox 728 3358 936 3438; x_wconf 84' lang='grc' dir='ltr'>ἆρετᾶς</span> <span class='ocrx_word' id='word_1_193' title='bbox 968 3357 1300 3439; x_wconf 80' lang='grc' dir='ltr'>ξυνεργούς.</span> 
     </span>
     <span class='ocr_line' id='line_1_37' title="bbox 1143 3459 1345 3516; baseline -0.01 -1"><span class='ocrx_word' id='word_1_194' title='bbox 1143 3478 1206 3508; x_wconf 81' lang='grc' dir='ltr'>στ</span> <span class='ocrx_word' id='word_1_195' title='bbox 1232 3494 1251 3514; x_wconf 84' lang='grc'><strong>.</strong></span> <span class='ocrx_word' id='word_1_196' title='bbox 1281 3459 1345 3516; x_wconf 82' lang='grc' dir='ltr'>β’.</span> 
     </span>
     <span class='ocr_line' id='line_1_38' title="bbox 415 3479 1232 3601; baseline 0.005 -18"><span class='ocrx_word' id='word_1_197' title='bbox 415 3525 540 3586; x_wconf 86' lang='grc' dir='ltr'>πῶς</span> <span class='ocrx_word' id='word_1_198' title='bbox 569 3521 673 3583; x_wconf 78' lang='grc' dir='ltr'>οὖν</span> <span class='ocrx_word' id='word_1_199' title='bbox 706 3524 874 3601; x_wconf 79' lang='grc' dir='ltr'>ἱερῶν</span> <span class='ocrx_word' id='word_1_200' title='bbox 902 3527 1182 3600; x_wconf 80' lang='grc' dir='ltr'>ποταμῶν</span> <span class='ocrx_word' id='word_1_201' title='bbox 1205 3479 1232 3524; x_wconf 71' lang='grc' dir='ltr'><em>Ρ</em></span> 
     </span>
     <span class='ocr_line' id='line_1_39' title="bbox 419 3604 952 3686; baseline 0.004 -20"><span class='ocrx_word' id='word_1_202' title='bbox 419 3604 457 3680; x_wconf 86' lang='grc' dir='ltr'>ἢ</span> <span class='ocrx_word' id='word_1_203' title='bbox 486 3606 660 3671; x_wconf 91' lang='grc' dir='ltr'>πόλις</span> <span class='ocrx_word' id='word_1_204' title='bbox 687 3604 725 3682; x_wconf 86' lang='grc' dir='ltr'>ἢ</span> <span class='ocrx_word' id='word_1_205' title='bbox 757 3608 952 3686; x_wconf 89' lang='grc' dir='ltr'>φίλων</span> 
     </span>
     <span class='ocr_line' id='line_1_40' title="bbox 406 3691 1000 3772; baseline 0.007 -23"><span class='ocrx_word' id='word_1_206' title='bbox 406 3691 705 3759; x_wconf 84' lang='grc' dir='ltr'>πόμπιμός</span> <span class='ocrx_word' id='word_1_207' title='bbox 735 3716 806 3754; x_wconf 90' lang='grc' dir='ltr'>σε</span> <span class='ocrx_word' id='word_1_208' title='bbox 832 3693 1000 3772; x_wconf 87' lang='grc' dir='ltr'>χώρα</span> 
     </span>
    </p>
   </div>
   <div class='ocr_carea' id='block_1_3' title="bbox 2008 488 2212 559">
    <p class='ocr_par' dir='ltr' id='par_1_3' title="bbox 2008 488 2212 559">
     <span class='ocr_line' id='line_1_41' title="bbox 2008 488 2212 559; baseline -0.005 -21"><span class='ocrx_word' id='word_1_209' title='bbox 2008 488 2212 559; x_wconf 35' lang='grc'><strong>’,305</strong></span> 
     </span>
    </p>
   </div>
   <div class='ocr_carea' id='block_1_4' title="bbox 2104 911 2213 961">
    <p class='ocr_par' dir='ltr' id='par_1_4' title="bbox 2104 911 2213 961">
     <span class='ocr_line' id='line_1_42' title="bbox 2104 911 2213 961; baseline 0.009 -1"><span class='ocrx_word' id='word_1_210' title='bbox 2104 911 2213 961; x_wconf 82' lang='lat'>810</span> 
     </span>
    </p>
   </div>
   <div class='ocr_carea' id='block_1_5' title="bbox 2109 1334 2214 1382">
    <p class='ocr_par' dir='ltr' id='par_1_5' title="bbox 2109 1334 2214 1382">
     <span class='ocr_line' id='line_1_43' title="bbox 2109 1334 2214 1382; baseline -0.01 0"><span class='ocrx_word' id='word_1_211' title='bbox 2109 1334 2214 1382; x_wconf 68' lang='lat'>815</span> 
     </span>
    </p>
   </div>
   <div class='ocr_carea' id='block_1_6' title="bbox 2114 1756 2223 1805">
    <p class='ocr_par' dir='ltr' id='par_1_6' title="bbox 2114 1756 2223 1805">
     <span class='ocr_line' id='line_1_44' title="bbox 2114 1756 2223 1805; baseline 0.009 -1"><span class='ocrx_word' id='word_1_212' title='bbox 2114 1756 2223 1805; x_wconf 82' lang='lat'>820</span> 
     </span>
    </p>
   </div>
   <div class='ocr_carea' id='block_1_7' title="bbox 2121 2272 2223 2322">
    <p class='ocr_par' dir='ltr' id='par_1_7' title="bbox 2121 2272 2223 2322">
     <span class='ocr_line' id='line_1_45' title="bbox 2121 2272 2223 2322; baseline -0.02 -1"><span class='ocrx_word' id='word_1_213' title='bbox 2121 2272 2223 2322; x_wconf 68' lang='lat'>¹325</span> 
     </span>
    </p>
   </div>
   <div class='ocr_carea' id='block_1_8' title="bbox 2119 2441 2228 2488">
    <p class='ocr_par' dir='ltr' id='par_1_8' title="bbox 2119 2441 2228 2488">
     <span class='ocr_line' id='line_1_46' title="bbox 2119 2441 2228 2488; baseline 0.009 -1"><span class='ocrx_word' id='word_1_214' title='bbox 2119 2441 2228 2488; x_wconf 76' lang='lat'>8³0</span> 
     </span>
    </p>
   </div>
   <div class='ocr_carea' id='block_1_9' title="bbox 2126 2871 2230 2919">
    <p class='ocr_par' dir='ltr' id='par_1_9' title="bbox 2126 2871 2230 2919">
     <span class='ocr_line' id='line_1_47' title="bbox 2126 2871 2230 2919; baseline 0 0"><span class='ocrx_word' id='word_1_215' title='bbox 2126 2871 2230 2919; x_wconf 80' lang='lat'>835</span> 
     </span>
    </p>
   </div>
   <div class='ocr_carea' id='block_1_10' title="bbox 2123 3124 2231 3171">
    <p class='ocr_par' dir='ltr' id='par_1_10' title="bbox 2123 3124 2231 3171">
     <span class='ocr_line' id='line_1_48' title="bbox 2123 3124 2231 3171; baseline -0.009 0"><span class='ocrx_word' id='word_1_216' title='bbox 2123 3124 2231 3171; x_wconf 74' lang='lat'>840</span> 
     </span>
    </p>
   </div>
   <div class='ocr_carea' id='block_1_11' title="bbox 2123 3377 2230 3424">
    <p class='ocr_par' dir='ltr' id='par_1_11' title="bbox 2123 3377 2230 3424">
     <span class='ocr_line' id='line_1_49' title="bbox 2123 3377 2230 3424; baseline 0 -1"><span class='ocrx_word' id='word_1_217' title='bbox 2123 3377 2230 3424; x_wconf 72' lang='lat'>545</span> 
     </span>
    </p>
   </div>
  </div>
 </body>
</html>
