2492 4092
1072 351 1326 396 unm-:xm

377 493 517 559 ἀλλ’
545 492 714 580 ᾔνεσ)
744 494 908 575 ἀνδρὶ
936 490 1151 557 πάντα·
1196 494 1291 556 καὶ
1320 494 1457 575 πρὶν
1487 495 1551 556 ἐκ
1582 494 1777 575 δόμων

379 584 609 660 μακρὰν
639 579 873 643 ἀπεῖναι
902 577 1124 658 πατέρα
1153 579 1249 640 καὶ
1277 583 1487 644 παῖδας
1518 578 1711 650 σέθεν,

377 669 659 743 λαβοῦσα
685 661 946 728 πέπλους
974 662 1334 730 ποικίλους’
1300 666 1652 746 ημπίσχετο,

374 756 635 830 χρυσοῦν
660 772 727 812 τε
758 754 933 812 θεῖσα
961 746 1262 828 στέφανον
1291 748 1443 829 ἀμφὶ
1470 749 1853 831 βοστρύχοις,

376 835 624 918 λαμπρῷ
658 835 959 917 κατόπτρῳ
991 831 1412 914 σχηματίζεται
1443 834 1644 914 κόμην,-

378 919 618 1000 ἇψυχον
648 919 781 981 εἰκὼ
812 922 1216 999 προσ-γελῶσα
1247 918 1537 996 σώματος

377 1002 593 1068 κᾶπειτ’
629 1003 916 1067 ἀναστᾶσ)
949 1004 1013 1065 ἐκ
1043 1005 1269 1083 θρόνων
1297 1001 1592 1085 διέρχεται

376 1087 607 1169 στένας,
642 1089 831 1170 ἀβρὸν
857 1088 1155 1168 βαίνουσα
1182 1087 1497 1173 παλλεύκῳ
1528 1089 1682 1162 ποδὶ,

376 1175 583 1253 δώροις
608 1174 1067 1255 ὖπερχαίρουσα,
1098 1176 1299 1237 πολλὰ
1327 1172 1616 1240 πολλάκις

377 1257 597 1321 τένοντ’
630 1259 690 1323 ἐς
719 1257 895 1337 ὀρθον
923 1259 1146 1335 ὄμμασι
1176 1257 1567 1335 σκοπουμένη.

372 1341 685 1406 τούνθένδε
710 1343 907 1420 μέντοι
936 1342 1130 1407 δεινὸν
1155 1341 1230 1419 ἦν
1261 1340 1422 1420 θέαμ’
1459 1346 1629 1406 ἰδεῖν·

374 1429 584 1509 χροιᾶν
613 1431 726 1508 γὰρ
756 1424 1076 1503 ἀλλάξασα
1105 1426 1318 1507 λεχρία
1346 1425 1530 1490 πάλιν

374 1517 561 1593 χωρεῖ
584 1510 876 1591 τρέμουσα
905 1516 1084 1588 κῶλα,
1116 1512 1209 1574 καὶ
1237 1511 1412 1590 μόλις
1451 1510 1666 1591 φθάνει

375 1599 673 1677 θρόνοισιν
701 1597 1045 1677 ἐμπεσοῦσα
1072 1597 1151 1675 μὴ
1180 1596 1367 1678 χαμαὶ
1394 1602 1624 1659 πεσεῖν.

375 1684 477 1746 καί
501 1707 590 1748 τις
616 1683 824 1762 γεραιὰ
849 1681 1230 1763 προσπόλων,
1267 1679 1496 1759 δόξασά
1524 1706 1644 1745 που

371 1767 410 1844 ἢ
440 1765 642 1832 Πανὸς
671 1768 848 1848 ὀργὰς
878 1765 916 1843 ἢ
944 1765 1103 1832 τινὸς
1132 1771 1282 1830 θεῶν
1309 1772 1538 1847 μολεῖν,

372 1851 732 1928 ἀνωλόλυξε,
766 1852 903 1931 πρίν
928 1852 988 1932 γ’
1020 1849 1128 1934 6ρᾷ
1157 1854 1254 1914 διὰ
1283 1853 1477 1931 στόμα

370 1943 678 2017 χωροῦντα
703 1937 916 2000 λευκὸν
944 1937 1153 2018 ἀφρὸν,
1188 1937 1466 2015 ὀμμάτων
1493 1937 1548 1999 τ’
1579 1937 1697 2001 ἀπὸ

371 2022 545 2100 κόρας
576 2019 972 2100 στρέφουσαν,
1008 2022 1150 2100 αἷμά
1177 2020 1225 2083 τ’
1260 2023 1365 2084 οὐκ
1393 2021 1528 2084 ἐνὸν
1553 2020 1713 2103 χροΐ·

372 2104 482 2169 εἶτ’
513 2104 874 2184 ἀντίμολπον
900 2104 1040 2182 ἧκεν
1067 2107 1362 2186 όλολυγῆς
1389 2104 1578 2184 μέγαν

371 2188 649 2252 κωκυτόν.
695 2189 860 2254 εὐθὺς
890 2187 937 2250 δ’
969 2188 1006 2265 ἡ
1035 2191 1143 2270 μὲν
1173 2190 1233 2254 ἐς
1264 2189 1481 2268 πατρὸς
1512 2191 1722 2270 δόμους

372 2273 662 2352 ὥρμησεν,
695 2275 732 2353 ἡ
763 2276 827 2337 δὲ
854 2273 998 2355 πρὸς
1026 2272 1130 2336 τὸν
1158 2274 1368 2352 ἀρτίως
1394 2276 1595 2347 πόσιν,

369 2357 691 2439 φράσουσα
719 2358 950 2438 νύμφης
981 2358 1316 2445 συμφοράν·
1361 2358 1566 2424 ἅπασα
1595 2363 1658 2423 δὲ

372 2443 554 2525 στέγη
584 2450 895 2507 πυκνοῖσιν
923 2440 1154 2509 ἐκτύπει
1184 2442 1573 2523 δρομήμασιν.

367 2528 478 2606 ἥδη
511 2529 563 2591 δ’
592 2526 665 2591 ἂν
693 2528 883 2593 ἕλκων
913 2535 1104 2593 κῶλον
1133 2529 1456 2611 ἑκπλέθρου
1487 2532 1702 2610 δρόμου

369 2612 557 2694 ταχὺς
583 2614 871 2691 βαδιστῆς
900 2616 1198 2694 τερμόνων
1227 2614 1574 2691 ἀνθήπτετο·

368 2698 405 2773 ἡ
440 2697 487 2759 δ’
524 2696 594 2773 ἐξ
619 2698 867 2761 ἀναύδου
895 2700 989 2761 καὶ
1017 2701 1309 2774 μύσαν-τος
1340 2702 1596 2778 ὄμματος

371 2778 563 2846 δεινὸν
592 2779 906 2858 στενάξασ’
937 2784 974 2859 ἡ
1002 2781 1229 2845 τάλαιν’
1262 2784 1552 2862 ἠγείρετο·

371 2868 621 2928 διπλοῦν
647 2868 759 2944 γὰρ
789 2865 931 2949 αὗτῃ
962 2865 1105 2945 πῆμ’
1138 2866 1617 2945 ἐπεστρατεύετο.

368 2952 627 3030 χρυσοῦς
654 2949 763 3027 μὲν
791 2925 943 3028 ἀμφὶ
973 2948 1137 3028 κρατὶ
1168 2952 1432 3028 κείμενος
1461 2951 1681 3017 πλόκος

369 3033 709 3112 θαυμαστὸν
737 3034 813 3097 ἵει
843 3059 996 3113 ναμα
1023 3032 1349 3115 παμφάγου
1377 3035 1578 3115 πυρός·

366 3118 587 3182 πέπλοι
615 3122 680 3183 δὲ
706 3121 934 3190 λεπτοὶ,
972 3127 1095 3183 σῶν
1123 3118 1342 3183 τέκνων
1370 3120 1703 3199 δωρήματα,

367 3205 583 3282 λευκὴν
611 3206 861 3268 ἔδαπτον
891 3203 1080 3285 σάρκα
1109 3208 1210 3282 τῆς
1245 3207 1651 3283 δυσδαίμονος.

367 3289 577 3370 φεύγει
606 3287 653 3352 δ’
693 3289 978 3352 ἆναστᾶσ’
1014 3293 1077 3354 ἐκ
1108 3292 1332 3369 θρόνων
1358 3290 1707 3372 πυρουμένη,

366 3372 615 3437 σείουσα
643 3375 855 3454 χαίτην
885 3374 1070 3454 κρᾶτά
1090 3376 1143 3436 τ’
1175 3372 1388 3437 ἄλλοτ’
1413 3375 1661 3450 ἄλλοσε,

367 3459 547 3538 ῥῖψαι
576 3456 834 3522 θέλουσα
863 3458 1181 3540 στέφανον·
1226 3457 1364 3522 ἀλλ’
1398 3460 1695 3541 ἀραρότως

369 3542 671 3620 σύνδεσμα
696 3545 916 3624 χρυσὸς
947 3544 1091 3626 εἶχε,
1125 3550 1239 3624 πῦρ
1271 3543 1343 3614 δ’,
1379 3546 1507 3610 ἐπεὶ
1538 3547 1722 3624 κόμην

370 3627 587 3697 ἔσεισε,
619 3629 859 3704 μᾶλλον
887 3629 973 3695 δὶς
1001 3632 1193 3696 τόσως
1221 3629 1275 3689 τ’
1308 3630 1623 3708 ἐλάμπετο.

369 3709 558 3775 πίτνει
588 3711 635 3774 δ’
669 3715 727 3777 ἐς
758 3714 932 3778 οὖδας
961 3710 1235 3795 ξυμφορᾷ
1264 3713 1569 3791 νικωμένη,

2098 351 2192 400 113

2044 761 2181 814 1160

2049 1184 2178 1237 1165

2042 1612 2179 1667 1170

2045 2034 2173 2089 1175

2039 2459 2173 2508 1180

2038 2879 2169 2928 1135

2032 3302 2171 3353 1190
