2492 4092
1115 342 1124 349 '
1157 334 1404 379 MHAmA.

292 487 443 548 ΜΗ.
464 481 604 547 ἀλλ’
636 483 957 564 εὐτυχοίης,
988 482 1081 545 καὶ
1109 481 1311 563 τύχοις
1340 482 1498 545 ὅσων
1529 485 1684 566 ἐρᾷς.

293 572 393 630 ΑΙ.
460 569 521 630 τί
544 569 656 649 γᾶρ
686 566 798 631 σὸν
826 569 984 646 ὄμμα
1010 569 1167 649 χρώς
1195 592 1260 633 τε
1290 566 1591 651 συντέτηχ’
1625 569 1760 646 ὄδες

288 655 441 719 ΜΗ.
464 655 664 734 Αἰγεΰ,
700 650 969 717 κάκιστος
999 651 1129 714 ἔστι
1155 677 1258 729 μοι
1287 650 1522 715 πάντων
1549 652 1749 719 πόσις·

291 742 393 800 ΑΙ.
465 739 525 799 τί
551 737 703 823 φῄς;
750 741 962 811 σαφῶς
987 761 1090 815 μοι
1119 742 1229 801 σὰς
1261 735 1493 816 φράσον
1521 740 1858 817 δυσθυμίας.

290 827 441 886 ΜΗ.
463 799 654 887 ἀδικεῖ
675 820 732 900 μ’
764 820 982 885 Ἰάσων
1010 821 1178 884 οὐδὲν
1209 821 1281 899 ἐξ
1304 823 1445 899 ἐμοῦ
1473 823 1700 887 παθών.

212 933 216 937 ·
288 911 394 970 ΑΙ.
459 907 521 968 τί
543 910 741 988 χρῆμα
768 905 1023 986 δράσαςς
1069 906 1258 985 φράζε
1284 932 1384 986 μοι
1415 905 1805 988 σαφέστερον.

292 996 442 1058 ΜΗ.
463 994 687 1072 γυναῖκ’
721 994 820 1071 ἐφ’
849 991 988 1070 ἡμῖν
1017 993 1299 1055 δεσπότιν
1327 993 1522 1072 δόμων
1550 993 1694 1073 ἔχει.

289 1083 392 1140 ΑΙ.
461 1074 499 1153 ἦ
529 1079 639 1156 γᾶρ
668 1077 973 1154 τετόλμηι(
1004 1075 1177 1155 ἔργον
1207 1078 1523 1158 αἴσχιστον
1551 1079 1728 1154 τόδε;

287 1166 438 1224 ΜΗ.
463 1162 612 1242 σάφ’
644 1163 786 1224 ἴσθ’·
830 1161 1025 1240 ἄτιμοι
1053 1162 1106 1223 δ’
1139 1164 1320 1239 ἐσμὲν
1349 1164 1407 1224 οἳ
1434 1162 1548 1240 πρὸ
1577 1168 1681 1225 τοῦ
1712 1165 1904 1244 φίλοι.

288 1253 394 1310 ΑΙ.
462 1247 708 1325 πότερον
738 1242 1063 1324 ἐρασθεὶς*
1030 1269 1067 1320 η
1099 1245 1208 1307 σὸν
1238 1246 1526 1325 ἐχθαίρων
1553 1246 1770 1328 λέχος;

290 1336 439 1394 ΜΗ.
459 1328 646 1410 μέγαν
673 1331 732 1410 γ’
764 1324 997 1408 {penu-ux
1014 1328 1223 1394 πιστὸς
1252 1329 1355 1390 οὐκ
1387 1331 1501 1409 ἔφυ
1531 1333 1750 1410 φιλοις.

291 1419 393 1478 ΑῙ.
457 1416 562 1477 ἴτω
592 1440 712 1486 νυν,
748 1417 910 1492 εἴπερ
941 1414 1016 1478 ὧς
1044 1413 1238 1492 λέγεις
1269 1414 1433 1476 ἐστὶν
1462 1414 1652 1480 κακός.

289 1505 441 1564 ΜΗ.
462 1499 685 1579 ἀνδρῶν
712 1496 1007 1577 τυράννων
1037 1501 1206 1575 κῆδος
1233 1497 1460 1577 ἠράσθη
1492 1490 1728 1576 λαβεῖν.

288 1591 392 1648 ΑῙ.
457 1585 660 1647 δίδωσι
690 1585 742 1647 δ’
774 1584 926 1669 αὐτῷ
966 1585 1088 1660 τίς;
1133 1582 1371 1664 πέραινέ
1395 1608 1496 1662 μοι
1525 1580 1730 1664 λόγον

165 1694 172 1701 ·
287 1675 439 1733 ΜΗ.
464 1667 682 1750 Κρέων,
717 1669 843 1734 ὅς’
809 1693 979 1750 αρχει
1009 1672 1187 1745 τῆσδε
1215 1672 1323 1749 γῆς
1355 1670 1685 1748 Κορινθίας.

286 1760 396 1820 ΑΙ.
458 1753 806 1836 ξυγγνωστᾶ
832 1753 1069 1833 μεντᾶρ’
1097 1753 1172 1833 ἦν
1201 1780 1275 1818 σε
1304 1759 1637 1825 λυπεῖσθαι,
1670 1756 1859 1835 γύναι.

287 1843 441 1903 ΜΗ.
461 1840 677 1902 ὄλωλα·
727 1840 820 1902 καὶ
850 1839 995 1918 πρός
1022 1840 1081 1919 γ’
1114 1837 1499 1917 ἐξελαύνομαι
1527 1841 1762 1919 χθονός.

286 1931 388 1989 ΑΙ.
452 1922 595 2003 πρὸς
624 1930 727 1986 τοῦ
744 1950 763 1996 3
804 1926 926 1985 τόδ’
957 1924 1110 1985 ἄλλο
1143 1923 1342 1986 καινὸν
1371 1927 1443 1988 αὖ
1472 1923 1668 2004 λέγεις
1699 1926 1893 1991 κακόν.

287 2013 440 2071 ΜΗ.
461 2007 663 2087 Κρέων
689 2009 750 2086 μ’
783 2008 1015 2070 ἐλαύνει
1045 2007 1283 2088 φυγάδα
1311 2011 1419 2086 γῆς
1449 2009 1777 2089 Κορινθίας.

286 2098 390 2156 ΑΙ.
454 2093 524 2174 ἐᾷ
556 2093 608 2155 5'
637 2090 893 2169 Ἰά;σων
924 2092 1057 2154 οὐδὲ
1085 2092 1247 2153 ταῦτ’
1279 2089 1556 2175 ἐπῄνεσα.

289 2181 444 2240 ΜΗ.
462 2178 624 2283 λόγῳ
653 2181 762 2254 μὲν
791 2176 944 2256 οὐχὶ,
977 2176 1181 2257 καρδίᾳ
1210 2179 1276 2238 δὲ
1302 2154 1610 2252 βούλεται.

454 2259 588 2324 ἀλλ’
621 2260 870 2340 ἄντομαί
897 2287 969 2326 σε
995 2262 1176 2335 τῆσδε
1204 2259 1348 2339 πρὸς
1378 2258 1677 2339 γενειάδος

455 2345 721 2425 γονάτων
748 2371 815 2408 τε
842 2350 959 2410 τῶν
989 2349 1127 2421 σῶν,
1163 2346 1354 2409 ἱκεσία
1381 2370 1448 2408 τε
1475 2347 1770 2426 γίγνομαι,

459 2433 749 2547 οἵκτειρον
774 2432 1057 2513 οἵκτειρόν
1083 2455 1157 2508 με
1187 2429 1293 2506 τὴν
1323 2431 1706 2508 δυσδαίμονα,

457 2517 551 2579 καὶ
579 2516 658 2598 μή
687 2517 749 2594 μ’
782 2516 997 2595 ἔρημον
1027 2517 1395 2579 ἐκπεσοῦσαν
1425 2518 1665 2600 εἶσίδῃς,

456 2601 619 2679 δέξαι
647 2603 711 2663 δὲ
738 2601 904 2683 χῶρα
934 2600 1026 2664 καὶ
1057 2602 1258 2678 δόμοις
1288 2599 1583 2680 ἐφέστιον.

456 2690 638 2750 οὕτως
667 2684 809 2762 ἔρως
840 2687 937 2747 σοὶ
965 2683 1109 2763 πρὸς
1141 2689 1289 2749 θεῶν
1315 2687 1684 2764 τελεσφόρος

454 2767 684 2850 γένοιτο
714 2770 952 2838 παίδων,
991 2768 1194 2833 καύτὸς
1223 2770 1433 2843 ὄλβιος
1464 2767 1679 2833 θάνοις.

456 2853 677 2932 εὕρημα
705 2854 756 2914 δ’
791 2853 893 2915 οὐκ
924 2849 1079 2912 οἶσθ’
1113 2852 1239 2913 οἷον
1270 2853 1511 2930 ευρηκας
1541 2852 1698 2916 τόδε·

458 2939 665 3001 παύσω
696 2936 761 2998 δέ
790 2936 848 2997 σ)
880 2936 1001 3000 ὅντ’
1033 2937 1266 3005 ἄπαιδα,
1303 2938 1395 2998 καὶ
1423 2937 1648 2999 παίδων
1676 2941 1854 3016 γονὰς

454 3024 696 3102 σπεῖραί
720 3047 793 3084 σε
821 3020 1008 3098 θήσω·
1047 3018 1230 3083 τοιάδ’
1264 3019 1395 3082 οἶδα
1424 3021 1722 3101 φάρμακα.

289 3113 387 3174 ΑΙ.
453 3114 699 3173 πολλῶν
726 3107 887 3170 ἕκατι
914 3103 1085 3181 τήνδε
1113 3130 1213 3167 σοι
1243 3110 1442 3169 δοῦναι
1470 3105 1663 3189 χάριν,

453 3193 642 3272 γύναι,
678 3191 968 3273 πρόθυμός
998 3192 1135 3270 εἶμι,
1167 3194 1369 3271 πρῶτα
1395 3194 1504 3269 μὲν
1534 3194 1698 3271 θεῶν,

456 3277 658 3341 ἔπειτα
684 3278 907 3339 παίδων
936 3279 1016 3339 ὧν
1046 3273 1408 3355 ἐπαγγέλλει
1436 3275 1636 3356 γονάς.

455 3363 516 3427 ἐς
543 3368 714 3424 τοῦτο
743 3366 856 3442 γὰρ
886 3361 955 3439 δη
987 3362 1240 3440 φροῦδός
1271 3365 1387 3439 εἶμι
1405 3364 1519 3425 πᾶς
1548 3361 1684 3439 ἐγώ.

455 3447 606 3509 οὕτω
638 3450 687 3508 δ’
719 3448 843 3528 ἔχει
870 3468 994 3523 μοι·
1040 3452 1150 3508 σοῦ
1177 3447 1285 3523 μὲν
1315 3447 1602 3523 ἐλθούσης
1630 3447 1837 3527 χθόνα,

454 3527 812 3609 πειράσομαί
837 3555 947 3592 σου
975 3528 1284 3610 προξενεῖν
1312 3530 1598 3596 δίκαιος”
1558 3557 1659 3595 ων.

451 3615 699 3679 τοσόνδε
724 3613 922 3691 μέντοι
952 3640 1050 3677 σοι
1055 3615 1481 3724 πρρσημαίνω,
1513 3616 1704 3695 γύναι·

453 3703 517 3765 ἐκ
547 3702 727 3777 τῆσδε
743 3723 853 3766 μεν
879 3701 986 3778 γῆς
1015 3700 1084 3762 οὕ
1114 3702 1168 3761 σ’
1199 3698 1366 3778 αγειν
1391 3699 1782 3777 Βουλήσομαι,

2167 331 2359 387 101.

2156 1088 2256 1146 695

2154 1513 2256 1569 700

2155 1939 2253 1993 705

2147 3629 2246 3683 ’.72ἐ
