2492 4092
1111 254 1327 296 EKABH.
2155 253 2213 301 21

257 391 385 450 ΕΚ.
434 387 654 465 ὄλωλα,
688 386 890 450 κούδὲν
919 386 1149 458 λοιπὸν,
1183 384 1574 467 Ἀγάμεμνον,
1612 390 1823 453 κακῶν.

256 477 374 534 ΑΓ.
438 476 551 550 φεῦ
582 477 716 550 φεῦ·
761 472 848 536 τίς
878 474 1028 534 οὕτω
1061 472 1353 555 δυστυχὴς
1386 475 1501 552 ἔφυ
1530 472 1676 553 γυνή
1692 500 1711 550 3
2122 490 2222 540 785

261 558 382 621 ΕΚ.
430 556 532 618 οὐκ
563 558 744 631 ἔστιν,
776 560 828 620 εἰ
854 556 935 634 μὴ
965 555 1071 633 τὴν
1098 556 1283 637 τύχην
1310 556 1491 634 αὐτὴν
1516 556 1736 638 λέγοις.

426 641 564 704 ἀλλ’
596 642 789 720 ὧνπερ
818 643 1009 704 οὕνεκ’
1044 642 1195 720 ἀμφὶ
1226 641 1336 705 σὸν
1364 644 1556 705 πίπτω
1584 645 1750 723 γόνυ,

423 726 696 792 ἄκουσον.
785 729 838 789 εἰ
863 726 973 806 μὲν
1000 725 1141 787 ὅσιά
1170 751 1268 788 σοι
1296 731 1506 790 παθεῖν
1534 729 1704 799 δοκῶ,

423 809 717 891 στέργοιμ’
747 811 839 875 ἄν·
925 815 979 875 εἰ
1008 815 1071 874 δὲ
1098 811 1443 889 τοῦμπαλιν,
1475 811 1552 874 σύ
1578 837 1679 890 μοι
1707 818 1883 891 γενοῦ

424 893 670 974 τιμωρὸς
699 894 904 976 ἀνδρὸς
935 894 1331 959 ἆνοσιωτάτου
1361 894 1545 972 ξένου,
2119 912 2221 966 790

422 979 488 1046 ὃς
516 981 650 1045 οὔτε
677 982 811 1053 τοὺς
839 984 947 1061 γῆς
977 981 1178 1062 νέρθεν
1208 982 1343 1044 οὔτε
1371 981 1503 1046 τοὺς
1534 980 1654 1045 ἄνω

421 1065 620 1131 δείσας
648 1065 919 1145 δέδρακεν
948 1066 1121 1146 ἔργον
1150 1066 1566 1138 ἀνοσιώτατον,

408 1150 600 1227 κοινῆς
627 1149 909 1230 τραπέζης
938 1149 1224 1215 πολλάκις
1254 1152 1446 1232 τυχὼν
1476 1153 1624 1230 ἐμοὶ,

430 1232 645 1311 [ξενίας
673 1235 728 1295 τ’
759 1237 978 1317 ἀριθμῷ
1010 1242 1211 1314 πρῶτα
1239 1240 1357 1297 τῶν
1386 1237 1540 1313 ἐμῶν
1570 1237 1783 1315 φίλων·

419 1319 615 1399 τυχὼν
644 1319 697 1380 δ’
729 1318 888 1380 ὅσων
917 1322 1011 1381 δεῖ
1038 1320 1130 1380 καὶ
1157 1320 1369 1394 λαβὼν
1397 1319 1774 1400 προμηθίαν,]
2116 1335 2214 1386 ‘793

417 1402 656 1479 ἔκτεινε,
686 1403 912 1482 τύμβου
942 1404 1016 1481 δ’,
1044 1406 1097 1466 εἷ
1126 1408 1356 1465 κτανεῖν
1383 1402 1687 1480 ἐβούλετο,

415 1488 520 1550 οὐκ
547 1487 818 1566 ἠξίωσεν,
849 1484 982 1550 ἀλλ’
1017 1489 1209 1567 ἀφῆκε
1237 1487 1493 1551 πόντιον.

415 1573 582 1652 ἡμεῖς
609 1577 718 1653 μὲν
747 1574 849 1635 οὖν
878 1578 1082 1636 δοῦλοί
1108 1599 1175 1638 τε
1205 1574 1509 1636 κᾶσθενεῖς
1537 1572 1700 1638 ἴσως·

416 1660 555 1721 ἀλλ’
579 1662 636 1722 οἳ
666 1660 787 1722 θεοὶ
818 1659 1094 1721 σθένουσι
1124 1658 1212 1739 χώ
1237 1659 1443 1722 κείνων
1472 1663 1692 1738 κρατῶν

415 1745 611 1823 νόμος·
654 1745 811 1827 νόμῳ
844 1747 957 1825 γὰρ
979 1744 1113 1809 τοὺς
1145 1744 1313 1809 θεοὺς
1339 1743 1653 1823 ἡγούμεθα,
2113 1757 2214 1803 800

415 1829 508 1890 καὶ
541 1829 725 1908 ζῶμεν
753 1831 922 1892 ἄδικα
954 1831 1046 1892 καὶ
1076 1831 1250 1892 δίκαι’
1285 1828 1610 1908 ὡρισμένοι.
2186 1837 2193 1843 ’

413 1913 476 1977 ὃς
506 1914 566 1978 ἐς
597 1914 656 1976 ‹r’
689 1914 949 1978 ἀνελθὼν
980 1918 1032 1976 εἰ
1061 1915 1547 1993 διαφθαρήσεται,

413 1997 506 2058 καὶ
533 1999 613 2076 μὴ
644 2000 807 2075 δίκην
837 1998 1130 2060 δώσουσιν
1160 1998 1373 2063 οἵτινες
1402 1995 1600 2073 ξένους

414 2082 738 2146 κτείνουσιν
765 2080 803 2158 ἢ
834 2085 981 2143 θεῶν
1012 2084 1106 2160 ἱρὰ
1132 2086 1434 2159 τολμῶσιν
1464 2081 1682 2160 φέρειν,

414 2166 517 2228 οὐκ
548 2165 712 2228 ἔστιν
741 2166 908 2229 οὐδὲν
936 2172 1053 2227 τῶν
1083 2169 1145 2228 ἐν
1174 2165 1499 2244 ἀνθρώποις
1528 2166 1683 2226 ἴσον.
2112 2181 2210 2227 805

412 2252 574 2313 ταῦτ’
605 2250 709 2313 οῦν
738 2251 801 2313 ἐν
830 2250 1058 2333 αἰσχρῷ
1093 2248 1331 2327 θέμενος
1362 2247 1667 2326 αἰδέσθητί
1686 2275 1781 2328 με,

413 2339 696 2418 οἵκτειρον
721 2335 887 2415 ἡμᾶς,
913 2334 990 2400 ὦς
1011 2335 1273 2415 γραφεύς
1302 2334 1354 2395 τ’
1387 2334 1741 2398 ἀποσταθεὶς

413 2424 537 2484 ἰδοῦ
565 2446 641 2499 με
669 2422 1037 2500 κᾶνάθρησον
1066 2420 1143 2481 οῖ’
1175 2419 1294 2502 ἔχω
1325 2417 1487 2483 κακά.

410 2506 686 2585 τύραννος
713 2505 788 2583 ἦν
815 2506 968 2575 ποτ’,
1003 2506 1161 2567 ἀλλὰ
1191 2511 1295 2568 νῦν
1324 2506 1502 2581 δούλη
1536 2503 1727 2580 σέθεν,

411 2589 612 2654 εὔπαις
641 2588 766 2651 ποτ’
800 2589 968 2667 οὖσα,
1000 2594 1102 2653 νῦν
1131 2594 1193 2651 δὲ
1219 2593 1400 2670 γραῦς
1428 2589 1603 2655 ἅπαις
1634 2588 1682 2651 θ’
1717 2587 1854 2669 ἅμα,
2111 2603 2213 2648 810
2272 2632 2278 2638 -

413 2674 643 2743 ἄπολις,
678 2671 906 2752 ἔρημος,
942 2670 1271 2749 ἀθλιωτάτη
1300 2678 1558 2751 βροτῶν.

294 2783 300 2791 ’
415 2758 570 2834 οἴμοι
590 2754 854 2832 τάλαινα,
885 2761 991 2817 ποῖ
1012 2758 1074 2833 μ’
1103 2754 1415 2836 ὑπεξάγεις
1443 2757 1597 2818 πόδα
1619 2779 1637 2831 ;

411 2840 574 2903 ἔοικα
602 2836 846 2920 πράξειν
875 2838 1060 2901 οὐδέν·
1107 2836 1152 2899 ὦ
1183 2838 1414 2902 τάλαιν’
1447 2840 1587 2919 ἐγώ.

414 2928 475 2988 τί
500 2928 644 3002 δῆτα
673 2923 869 3001 θνητοὶ
898 2926 1092 2988 τᾶλλα
1118 2925 1227 3003 μὲν
1253 2920 1568 3002 μαθήματα

408 3014 744 3091 μοχθοῦμεν
773 3010 850 3076 ὧς
879 3007 992 3089 χρὴ
1023 3009 1214 3072 πάντα
1244 3009 1340 3070 καὶ
1365 3008 1754 3088 μαστεύομεν,
2113 3022 2212 3070 815

398 3097 580 3158 πειθὼ
620 3096 683 3156 δὲ
712 3093 823 3171 τὴῦ
844 3094 1123 3174 τύραννον
1152 3094 1477 3175 ἀνθρώποις
1499 3094 1685 3172 μόνην

411 3179 580 3243 οὐδέν
607 3204 662 3242 τι
688 3182 922 3258 μᾶλλον
953 3180 1012 3244 ἐς
1041 3179 1211 3243 τέλος
1242 3176 1649 3257 σπουδάζομεν

409 3264 656 3344 μισθοὺς
685 3265 942 3329 διδόντες
967 3261 1303 3342 μανθάνειν,
1337 3262 1412 3326 ἵν’
1442 3262 1515 3341 ἦν
1536 3287 1682 3326 ποτε

408 3348 632 3413 πείθειν
659 3349 698 3412 ἅ
728 3373 816 3413 τις
843 3349 1151 3427 βούλοιτο,
1181 3346 1496 3429 τυγχάνειν
1527 3346 1575 3409 θ’
1610 3346 1761 3425 ἄμας

412 3440 533 3499 πῶς
563 3434 665 3498 οὖν
693 3431 773 3496 ἔτ’
806 3434 878 3496 ἄν
905 3458 994 3500 τις
1024 3434 1265 3496 ἐλπίσαι
1293 3431 1536 3512 πράξειν
1565 3437 1792 3505 καλῶς;
2112 3442 2212 3490 520

412 3520 469 3580 οἱ
495 3521 605 3596 μὲν
631 3524 904 3582 τοσοῦτοι
932 3522 1135 3584 παῖδες
1164 3516 1353 3580 οὐκέτ’
1378 3518 1499 3581 εἶσί
1520 3542 1641 3595 μοι,

413 3600 556 3679 αὐτὴ
588 3600 635 3664 δ’
670 3602 761 3666 ἐπ’
794 3606 1064 3684 αἰσχροῖς
1094 3601 1469 3683 αἰχμάλωτος
1500 3603 1758 3679 οἴχομαι·
