2492 4092
1137 331 1352 376 EKABH.

1155 481 1259 513 “We
1282 482 1327 514 a·

433 523 467 600 ἢ
500 525 718 595 νάσων,
754 521 982 606 ἆλιήρει

432 613 598 693 κώπᾳ
629 611 1009 690 πεμπομέναν
1038 608 1340 684 τάλαιναν,

432 697 668 774 οἰκτρὰν
694 700 909 773 βιοτὰν
937 696 1196 778 ἔχουσαν
1225 699 1426 773 οἴκοις,
1459 723 1466 730 ·

434 782 572 843 ἔνθα
602 782 975 860 πρωτόγονός
1005 805 1070 843 τε
1101 779 1309 861 φοῖνιξ

438 863 635 943 δάφνα
666 864 718 927 θ’
753 864 939 946 ἱεροὺς
968 864 1187 947 ἀνέσχε

432 952 718 1029 πτόρθους
746 953 938 1013 Λατοῖ
964 952 1115 1034 φίλᾳ

434 1035 637 1099 ὠδῖνος
668 1036 908 1113 ἄγαλμα
937 1036 1063 1100 δίας
1086 1060 1103 1112 ;

433 1120 544 1181 σὺν
575 1117 872 1196 Δηλιάσιν
894 1144 960 1184 τε
992 1121 1222 1199 κούραις
1279 1118 1599 1200 Αρτέμιδός
1628 1147 1693 1184 τε
1725 1124 1859 1188 θεᾶς

431 1204 688 1284 χρυσέαν
718 1202 951 1282 ἄμπυκα
979 1203 1123 1281 τόξα
1154 1209 1208 1267 τ’
1240 1204 1548 1287 εὐλογήσω
1574 1229 1589 1278 ;

1140 1336 1244 1383 στρ.
1276 1319 1342 1377 β’.

431 1381 469 1459 ἢ
502 1381 827 1447 Παλλάδος
859 1383 921 1446 ἐν
950 1384 1125 1446 πόλει

432 1473 536 1533 τᾶς
565 1468 953 1548 καλλιδίφρου
981 1466 1355 1537 Ἀθαναίας.’
1329 1491 1395 1530 εν
1424 1464 1638 1552 κροκέῳ
1668 1466 1877 1551 πέπλῳ

440 1552 707 1631 ζεύξομαι
737 1552 947 1632 ἅρματι
975 1554 1227 1633 πώλους,

431 1641 495 1700 ἐν
525 1642 892 1702 δαιδαλεαῖσι
922 1638 1296 1702 ποικίλλουσ’
1329 1634 1737 1719 ἆνθοκρόκοισι
1767 1632 1997 1719 πήναις,

429 1721 467 1799 ἢ
495 1722 763 1786 Τιτάνων
791 1725 1019 1803 γενεὰν,

433 1810 538 1870 τᾶν
570 1806 715 1873 Ζεὺς
746 1809 1059 1893 ἆμφιπύρῳ

440 1893 683 1971 κοιμίζει
714 1895 969 1977 φλογμῷ
1004 1897 1292 1975 Κρονίδας
1317 1918 1338 1974 3

1143 2019 1243 2071 ἆντ.
1276 2020 1345 2077 β’.

420 2083 566 2161 ὤμοι
595 2081 808 2147 τεκέων
837 2083 1011 2161 ἐμῶν,

431 2169 575 2246 ὤμοι
604 2166 890 2247 πατέρων,
919 2166 1132 2247 χθονός
1164 2167 1241 2244 θ’,
1274 2165 1313 2226 ἃ
1343 2165 1539 2250 καπνῷ
1575 2169 1979 2247 κατερείπεται

320 2304 325 2309 ,
428 2250 747 2332 τυφομένα,
775 2252 1122 2330 δορίληπτος

255 2677 382 2735 ΤΑ.

259 2842 393 2902 ΧΟ.

255 3016 384 3073 TA.

428 2337 572 2417 πρὸς
599 2339 913 2417 ῗΑργείων·
958 2337 1071 2415 ἐγὼ
1104 2336 1157 2398 δ’
1189 2337 1254 2401 ἐν
1283 2333 1443 2421 ξείνα
1472 2335 1643 2418 χθονὶ
1673 2332 1743 2415 δὴ
1776 2334 2058 2414 κέκλημαι

429 2426 633 2500 δούλα,
662 2422 903 2485 λιποῦσ)
933 2422 952 2453 ³
957 2423 1152 2486 Ασίαν

428 2507 713 2586 Εὐρώπας
744 2507 1056 2586 θεράπναν,

428 2589 723 2666 ἆλλάξασ’
748 2590 929 2653 Ἀιδα
959 2590 1281 2673 θαλάμους

433 2680 545 2736 ποῦ
575 2674 680 2749 τὴν
703 2673 974 2736 ἄνασσαν
1001 2675 1208 2751 δήποτ)
1241 2677 1426 2740 ουσαν
1453 2677 1642 2740 Ἰλίου

429 2753 701 2833 Ἑκάβην
730 2756 803 2818 ἂν
832 2757 1139 2840 ἐξεύροιμι,
1167 2759 1442 2841 Τρῳάδες
1471 2763 1670 2840 κόραι,

431 2842 571 2917 αὕτη
607 2838 787 2905 πέλας
817 2865 948 2917 σου,
979 2843 1114 2903 νῶτ’
1146 2819 1350 2922 ἔχουσ)
1383 2844 1477 2906 ἐπὶ
1505 2844 1697 2923 χθονὶ,

430 2925 756 3002 Ταλθύβιε,
790 2932 990 3003 κεῖται,
1021 2924 1451 3036 ξυγκεκλῃμένη
1484 2925 1753 2993 πέπλοις.

433 3037 478 3071 ω
510 3016 647 3087 Ζεῦ,
677 3012 739 3073 τί
761 3011 956 3090 λέξω,
1002 3008 1222 3093 πότερά
1256 3013 1314 3075 ‹r’
1337 3013 1673 3092 ἀνθρώπους
1706 3012 1883 3091 ὁρᾶν;

427 3093 464 3170 ἢ
497 3096 675 3173 δόξαν
704 3096 901 3161 ἄλλως
929 3095 1103 3174 τήνδε
1125 3099 1440 3175 κεκτῆσθαι
1467 3094 1662 3177 μάτην

426 3184 637 3260 ψευδῆ,
664 3185 978 3248 δοκοῦντας
1007 3183 1299 3259 δαιμόνων
1328 3181 1478 3247 εἶναι
1506 3179 1696 3264 γένος,

426 3266 612 3345 τύχην
641 3269 704 3328 δὲ
734 3265 928 3331 πάντα
954 3268 1065 3330 τᾶν
1094 3272 1333 3346 βροτοῖς
1362 3266 1707 3331 ἐπισκοπεῖν
1730 3292 1746 3344 ;

429 3350 541 3430 οὐχ
568 3351 662 3427 ἥδ’
695 3350 932 3414 ἄνασσα
960 3357 1076 3414 τῶν
1105 3352 1501 3432 πολυχρύσων
1529 3356 1778 3433 Φρυγῶν
1794 3379 1814 3430 3

428 3435 539 3515 οὐχ
567 3439 670 3513 ἥδε
694 3435 965 3515 Πριάμου
994 3440 1097 3499 τοῦ
1125 3435 1257 3514 μέγ’
1287 3437 1501 3516 ὀλβίου
1529 3435 1755 3517 δάμαρ;

420 3518 521 3579 ’καὶ
553 3525 656 3584 νῦν
685 3522 996 3599 πόλιςψὲν
1024 3523 1167 3583 πᾶσ’
1199 3521 1522 3599 ἀνέστηκεν
1550 3523 1695 3601 δορὶ,

428 3601 570 3678 αὐτὴ
602 3608 681 3675 δὲ,
693 3606 895 3683 δούλη,
924 3611 1126 3687 γραῦς,
1155 3605 1352 3679 ἄπαις,
1386 3606 1482 3669 ἐπὶ
1502 3606 1673 3687 χθονὶ

431 3692 632 3760 κεῖται,
667 3688 823 3751 κόνει
847 3693 1119 3768 φύρουσα
1147 3692 1434 3768 δύστηνον
1460 3688 1629 3769 κάρα.

2138 552 2238 598 456

2021 994 2032 1001 -
2138 966 2239 1019 460

2132 1219 2231 1271 465

2127 1656 2233 1708 470

2124 2356 2228 2403 480

2127 2773 2227 2821 485

2123 3618 2224 3669 495
