2492 4092
243 265 342 316 118
1073 268 1396 313 ΕΥΡΙΠΙΔΟΥ

411 406 527 485 ἔξω
557 412 908 489 προσειπεῖν
936 407 1170 484 ζῶντας,
1205 408 1346 483 ἀλλ’
1378 407 1685 469 ἀπῶλεσα.

240 497 391 558 ΜΗ.
411 495 644 574 μακρὰν·
665 493 738 557 ἂν
766 491 1024 571 ἐξέτεινα
1051 490 1235 554 τοῖσδ’
1268 493 1503 555 ἐναντία

402 580 701 657 λόγοισιν,
737 580 792 643 εἰ
819 577 897 657 μὴ
932 577 1076 642 Ζεὺς
1106 576 1298 656 πατὴρ
1326 576 1616 653 ἠπίστατο

408 664 486 725 οἷ’
517 662 589 739 ἐξ
613 665 754 743 ἐμοῦ
783 661 1077 726 πέπονθας
1107 661 1204 725 οἷά
1232 663 1287 723 τ’
1321 660 1601 743 εἰργάσω·

407 748 486 811 σὺ
514 750 568 809 δ’
599 748 702 812 οὐκ
732 746 977 825 ἔμελλες
1006 746 1138 826 τᾶμ’
1170 744 1460 825 ἀτιμάσας
1489 746 1639 828 λέχη

406 831 654 911 τερπνὸν
679 830 904 909 διάξειν
930 833 1137 911 βίοτον
1168 835 1435 912 ἐγγελῶν
1466 833 1611 910 ἐμοὶ,

404 917 531 979 οὗθ’
560 918 596 995 ἡ
625 917 900 995 τύραννος
930 918 1057 978 οὐθ’
1088 917 1120 977 ὁ
1151 917 1249 977 σοὶ
1278 917 1555 995 προσθεὶς
1584 916 1805 995 γάμους

406 1001 611 1081 Κρέων
640 1001 807 1063 ἀνατὶ
837 1000 1019 1079 τῆσδέ
1044 1001 1105 1079 μ’
1139 1002 1421 1077 ἐκβαλεῖν
1448 1000 1681 1083 χθονός.

359 1145 366 1151 .
404 1085 547 1166 πρὸς
575 1091 758 1150 ταῦτα
786 1087 879 1147 καὶ
909 1083 1169 1155 λέαιναν,
1205 1087 1258 1148 εἰ
1286 1085 1514 1162 βούλει,
1551 1084 1736 1154 κάλει,

405 1173 499 1233 καὶ
529 1173 822 1248 Σκύλλαν,
852 1168 889 1247 ἢ
918 1169 1225 1249 Τυρσηνὸν
1254 1168 1489 1253 ᾤκησεν
1516 1171 1714 1233 πέδον·

401 1257 504 1331 τῆς
535 1259 644 1332 σῆς
671 1259 785 1348 γὰρ
818 1255 894 1320 ὡς
922 1254 1036 1335 χρὴ
1068 1256 1303 1333 καρδίας
1333 1253 1707 1334 ἀνθηψάμην.

237 1344 339 1402 IA.
404 1339 583 1418 καύτή
612 1365 684 1422 γε
713 1341 890 1403 λὐπεῖ
918 1342 1011 1402 καὶ
1042 1345 1232 1402 κακῶν
1265 1339 1538 1405 κοινωνὸς
1570 1340 1641 1404 εἴ.

236 1429 387 1486 ΜΗ.
406 1424 556 1505 σάφ’
588 1428 730 1488 ἴσθι·
778 1426 909 1488 λύει
939 1427 992 1488 δ’
1025 1423 1228 1503 ἄλγος,
1260 1422 1334 1500 ἢν
1364 1428 1441 1488 σὺ
1468 1424 1548 1503 μὴ
1577 1423 1851 1509 ’γγελᾶς.

235 1513 341 1571 ΙΑ.
406 1537 451 1571 ω
482 1509 672 1582 τέκνα,
706 1510 923 1589 μητρὸς
955 1511 1031 1574 ὣς
1062 1514 1238 1588 κακῆς
1269 1510 1572 1587 ἐκύρσατε.

236 1593 441 1657 MH.*
404 1622 449 1657 ω
479 1600 702 1673 παῖδες,
734 1599 811 1660 ὣς
844 1596 1072 1658 ὤλεσθε
1102 1591 1341 1676 πατρῴα
1371 1596 1548 1678 νόσῳ)

238 1682 342 1741 ΙΑ.
407 1679 566 1743 οὗτοι
596 1703 688 1742 νιν
717 1677 835 1759 ἡμη
866 1676 1030 1754 δεξιά
1056 1679 1113 1757 γ’
1148 1679 1480 1742 ἀπώλεσεν.

238 1768 389 1825 ΜΗ.
410 1764 549 1825 ἀλλ’
578 1765 751 1842 ὕβρις
779 1764 933 1825 οἵτε
965 1763 1063 1824 σοὶ
1092 1765 1404 1839 νεοδμῆτες
1432 1761 1632 1842 γάμοι.

240 1852 347 1909 ΙΑ.
409 1846 622 1927 λέχους
652 1857 776 1928 σφε
805 1845 1095 1923 κήξίωσας
1125 1848 1332 1909 οὕνεκα
1362 1855 1595 1911 κτανεῖν
1612 1875 1631 1926 3

240 1930 654 2013 ΜΗ.σμικρὸν
682 1933 910 2013 γυναικὶ
939 1933 1104 2009 πῆμα
1130 1931 1287 1993 τοῦτ’
1320 1933 1468 1996 εἶναι
1499 1938 1723 2010 δοκεῖς;

242 2022 347 2080 ΙΑ.
405 2016 533 2095 ἥτις
561 2041 633 2097 γε
662 2019 935 2098 σώφρων·
987 2017 1084 2078 σοὶ
1114 2018 1179 2079 δὲ
1207 2014 1376 2080 πάντ’
1411 2019 1574 2084 ἐστίν
1604 2016 1771 2084 κακά.

242 2104 516 2166 ΜΗ.οἵδ’
549 2102 737 2166 οὐκέτ’
770 2104 905 2168 εἶσί·
953 2106 1126 2165 τοῦτο
1154 2102 1266 2182 γάρ
1299 2128 1370 2166 σε
1400 2101 1653 2180 δήξεται.

244 2190 350 2250 ΙΑ.
410 2188 522 2249 οἵδ’
554 2189 724 2266 εἰσὶν,
757 2190 931 2266 οἴμοι,
965 2187 1052 2269 σῷ
1086 2186 1233 2269 κάρᾳ
1261 2186 1596 2269 μιάστορες.

245 2275 605 2337 ΜΗ.ἵσασιν
632 2275 797 2337 ὅστις
825 2270 965 2353 ἦρξε
995 2278 1258 2349 πημονῆς
1289 2274 1430 2338 θεοί.

246 2361 350 2419 ΙΑ.
411 2358 581 2418 ἴσασι
612 2361 757 2435 δῆτα
780 2356 895 2431 σήν
914 2358 980 2435 ,γ’
1009 2357 1389 2420 ἀπόπτυστον
1419 2357 1624 2437 φρένα.

246 2444 638 2520 ΜΗ.στυγεῖ·
686 2443 895 2519 πικρὰν
924 2442 990 2501 δὲ
1019 2437 1200 2515 βάξιν
1228 2441 1482 2520 ἐχθαίρω
1515 2441 1703 2509 σέθεν.

250 2528 351 2588 IA.
413 2523 507 2584 καὶ
535 2522 650 2601 μὴν
679 2523 794 2603 ἐγὼ
823 2521 956 2597 σήν·
987 2520 1180 2605 ῥᾴδιοι
1210 2524 1262 2585 δ’
1296 2524 1658 2604 ἀπαλλαγαί.

248 2612 399 2673 ΜΗ.
413 2613 533 2672 πῶς
563 2607 701 2685 οὖν,
686 2632 699 2646 ·
745 2610 807 2672 τί
831 2605 1071 2686 δράσω,
1057 2633 1069 2646 ·
1118 2605 1299 2687 κάρτα
1326 2606 1439 2689 γὰρ
1469 2610 1626 2690 κάγὼ
1661 2611 1836 2673 θέλω.

251 2697 355 2756 lA.
419 2690 609 2773 θάψαι
640 2659 876 2772 νέκρούς
905 2717 1005 2770 μοι
1035 2693 1250 2756 τούσδε
1281 2696 1375 2756 καὶ
1407 2699 1659 2759 κλαῦσαι
1689 2694 1898 2775 πάρες.

251 2782 403 2843 ΜΗ.
419 2777 487 2841 οὗ
518 2780 664 2855 δῆτ’,
699 2777 828 2841 ἐπει
859 2780 1018 2858 σφᾶς
1046 2778 1173 2887 τῇδ’
1206 2778 1322 2858 ἐγὼ
1355 2777 1531 2859 θάψω
1561 2783 1713 2862 χερὶ,

421 2861 667 2943 φέρουσ’
700 2864 759 2928 ἐς
780 2860 977 2941 ‘'Hpas
1006 2863 1243 2940 τέμενος
1275 2864 1514 2943 ἀκραίας
1546 2869 1700 2937 θεοῦ,

420 2972 502 3012 ως
530 2946 610 3026 μή
640 2972 728 3012 τις
758 2947 963 3011 αὐτοὺς
992 2948 1293 3025 πολεμίων
1323 2952 1670 3033 καθυβρίση,

418 3031 679 3109 τύμβους
705 3032 1122 3114 ἀνασπῶν·γῆ
1155 3036 1220 3095 δὲ
1247 3032 1390 3112 τῆδε
1419 3034 1691 3115 Σισύφου

419 3115 645 3194 σεμνὴν
673 3116 877 3196 ἑορτὴν
908 3118 1002 3179 καὶ
1032 3119 1177 3193 τέλη
1206 3116 1603 3198 προσάψομεν

418 3199 490 3266 τὸ
509 3200 723 3265 λοιπον
752 3201 878 3266 ἀντὶ
908 3206 1077 3264 τοῦδε
1105 3205 1438 3279 δυσσεβοῦς
1467 3204 1672 3283 φόνου.

422 3284 566 3364 αὐτὴ
595 3288 660 3348 δὲ
687 3290 863 3366 γαῖαν
892 3284 1009 3364 εἶμι
1040 3312 1145 3363 την
1172 3286 1518 3366 Ἐρεχθέως,

417 3373 596 3451 Αἰγεῖ
621 3371 1057 3448 συνοικήσουσα
1083 3369 1166 3456 τῷ
1194 3372 1540 3439 Πανδίονος.

422 3480 499 3517 συ
528 3454 580 3516 δ’
583 3456 834 3535 ,ὥσπερ
865 3455 1037 3526 εἰκὸς,
1071 3459 1350 3519 κατθανεῖ
1367 3459 1538 3524 κακὸς
1569 3463 1773 3532 κακῶς,

417 3535 669 3620 Ἀργοῦς
700 3538 846 3620 κάρα
875 3539 988 3602 σὸν
1015 3540 1284 3625 λειψάνῳ
1315 3545 1748 3625 πεπληγμένος,

361 3654 370 3663 ·
418 3626 625 3694 πικρας
653 3628 926 3692 τελευτὰς
956 3630 1072 3688 τῶν
1103 3626 1257 3702 ἐμῶν
1289 3627 1467 3707 ἰδωνγ
1502 3629 1683 3711 άμων.

2082 424 2216 476 1350

2082 850 2209 898 1³55

2082 1269 2214 1322 1360

2087 1692 2218 1744 1365

2091 2114 2224 2174 1370

2092 2534 2222 2593 13⁷5

2092 2963 2227 3011 1380

2095 3389 2221 3438 1385
