2492 4092
734 1492 794 1548 Π
800 1489 1244 1549 ΟΛΤΔΩΡΟὙ·
1289 1489 1692 1549 ΕΙΔΩΛΟΝ.

404 1646 595 1718 ΊΙκω,
631 1644 849 1724 νεκρῶν
880 1646 1182 1724 κευθμῶνα
1214 1645 1306 1707 καὶ
1352 1646 1565 1708 σκότου
1596 1645 1783 1709 πύλας

412 1734 602 1792 λιπὼν
631 1732 705 1792 ἵν’
729 1729 938 1806 “Ἀιδης
981 1731 1160 1810 χωρὶς
1190 1730 1436 1814 ᾤκισται
1470 1736 1635 1807 θεῶν,

415 1817 786 1896 Πολύδωρος,
820 1811 1087 1892 “Εκάβη’ς
1116 1822 1254 1880 παῖς
1283 1819 1469 1895 γεγὼς
1498 1818 1600 1892 τῆς
1634 1813 1926 1881 Κισσέως.

416 1902 683 1979 Πριάμου
712 1926 777 1963 τε
804 1900 1039 1978 πατρὸς,
1076 1900 1139 1964 ὅς
1169 1901 1249 1979 μ’,
1282 1900 1408 1963 ἑπεῖ
1438 1906 1685 1981 Φρυγῶν
1715 1902 1892 1963 πόλιν

420 1987 675 2050 κίνδυνος
707 1985 851 2064 ἔσχε
881 1985 1003 2064 δορὶ
1032 1992 1240 2048 πεσεῖν
1269 1982 1622 2070 Ἑλληνικῷ,

413 2072 615 2134 δείσας
635 2068 1018 2148 ὑπεξέπεμψε
1047 2072 1311 2145 Τρωικῆς
1341 2069 1555 2149 χθονὸς

422 2153 886 2231 Πολυμήστορος
910 2152 1053 2229 πρὸς
1078 2159 1259 2230 δῶμα,
1294 2156 1553 2236 Θρῃκίου
1586 2151 1770 2229 ξένου,

418 2238 483 2305 ὃς
511 2238 617 2315 τὴν
647 2239 891 2318 ἀρίστην
920 2241 1333 2316 Χερσονησίαν
1362 2238 1564 2300 πλάκα

418 2324 663 2401 σπείρει,
700 2324 994 2404 φίλιππον
1022 2320 1172 2384 λαὸν
1203 2323 1454 2387 εὐθύνων
1484 2323 1627 2402 δορί.

415 2411 604 2471 πολὺν
633 2412 697 2472 δὲ
728 2408 837 2470 σὺν
868 2409 994 2486 ἐμοὶ
1024 2405 1255 2488 χρυσὸν
1283 2407 1561 2486 ἐκπέμπει
1583 2405 1773 2486 λάθρα

418 2496 629 2573 πατὴρ,
661 2491 755 2570 ἵν’,
789 2494 844 2555 εἴ
869 2494 1000 2555 ποτ’
1029 2494 1215 2556 Ἰλίου
1244 2493 1410 2576 τείχη
1442 2493 1634 2569 πέσοι,

416 2585 538 2644 τοῖς
571 2580 747 2653 ζῶσιν
779 2580 867 2654 εἴη
898 2579 1070 2640 παισὶ
1099 2580 1178 2656 μὴ
1210 2577 1421 2644 σπάνις
1449 2581 1607 2655 βίου.

416 2665 702 2727 νεώτατος
733 2665 784 2724 δ’
818 2664 887 2741 ἦν
920 2668 1278 2742 Πριαμιδῶν·
1309 2662 1341 2724 ὃ
1373 2666 1471 2724 καί
1486 2688 1560 2740 με
1589 2668 1697 2742 γῆς

416 2747 850 2827 ὑπεξέπεμψεν·
885 2749 1015 2810 οὔτε
1045 2751 1154 2827 γὰρ
1187 2745 1388 2827 φέρειν
1418 2749 1577 2810 ὅπλα

418 2834 537 2895 οὔτ’
571 2833 749 2914 ἔγχος
779 2832 898 2896 οἶός
931 2835 995 2902 τ’,
1013 2831 1084 2909 ἧν
1113 2832 1222 2913 νέῳ
1246 2834 1546 2912 βραχίονι.

417 2918 529 2982 ἕως
557 2922 664 2999 μὲν
687 2918 790 2979 οὖν
818 2919 926 2995 γῆς
957 2917 1080 2995 ὄρθ’
1113 2915 1282 2978 ἔκειθ’
1317 2917 1621 2995 ὁρίσματα,

419 3005 629 3083 πύργοι
657 3004 711 3064 τ’
744 3005 1057 3080 ἄθραυστοι
1086 3004 1350 3083 Τρωικῆς
1375 3000 1528 3079 ἦσαν
1556 2999 1786 3082 χθονὸς,

411 3085 645 3167 Ἕκτωρ
674 3090 728 3149 τ’
762 3087 1019 3165 ἀδελφὸς
1050 3086 1223 3163 οὑμὸς
1269 3087 1507 3165 ηὐτύχει
1537 3086 1679 3166 δορὶ,

423 3177 614 3236 καλῶς
656 3175 794 3249 παρ’
828 3173 988 3249 ἀνδρὶ
1021 3171 1227 3254 Θρῃκὶ,
1263 3168 1511 3253 πατρῴῳ
1544 3169 1709 3253 ξένῳ,

420 3264 754 3335 τροφαῖσιν,
789 3259 865 3320 ὥς
896 3281 982 3320 τις
1011 3259 1282 3336 πτόρθος,
1313 3255 1571 3333 ηὐξάμην
1592 3256 1801 3319 τάλας.

423 3342 547 3403 ἐπεὶ
578 3343 641 3403 δὲ
662 3340 848 3418 Τροία
878 3340 924 3400 θ’
952 3341 1238 3419 Ἕκτορός
1270 3339 1321 3401 τ’
1353 3340 1683 3403 ἀπόλλυται

422 3425 611 3506 ψυχὴ,
646 3422 886 3507 πατρῴα
917 3425 971 3485 θ’
1003 3427 1172 3486 ἑστία
1202 3422 1561 3506 κατεσκάφη,

424 3511 595 3574 αὐτὸς
627 3512 690 3572 δὲ
716 3512 898 3591 βωμῷ
932 3510 1076 3587 πρὸς
1108 3507 1404 3592 θεοδμήτῳ
1435 3510 1653 3584 πίτνει,

424 3597 678 3675 σφαγεὶς
706 3593 1041 3674 Ἀχιλλέως
1072 3595 1278 3658 παιδὸς
1309 3598 1371 3658 ἐκ
1400 3599 1736 3676 μιαιφόνου,

2151 2425 2214 2472 10

2152 2847 2212 2894 15

2149 3271 2216 3318 20
