2492 4092
1089 286 1374 344 MHAEIAs
2064 334 2069 343 ,
2126 284 2227 336 111'

421 452 606 529 ὅσπερ
635 446 931 527 μεγίστων
960 445 1143 506 αἴτιος
1174 446 1366 503 κακῶν
1393 442 1653 519 βροτοῖς.
2084 444 2222 495 1080

249 542 382 601 XO.
417 533 702 598 πολλάκις
730 531 839 609 ἤδη
872 531 966 592 διὰ
992 525 1360 604 λεπτοτέρων

417 620 614 696 μύθων
643 620 876 697 ἔμολον,
913 614 1005 674 καὶ
1035 615 1176 693 πρὸς
1207 611 1461 683 ἁμίλλας

419 707 607 784 ἦλθον
634 701 863 780 μείζους
891 698 927 776 ἢ
957 697 1071 778 χρὴ
1101 702 1310 775 γενεὰν

427 792 609 865 θῆλυν
641 789 897 865 ἐρευνᾶν·
944 784 1101 845 ἀλλὰ
1128 783 1239 860 γὰρ
1272 779 1436 842 ἔστιν

421 878 620 952 μοῦσα
649 872 741 934 καὶ
770 870 930 948 ἡμῖν,
956 865 993 944 ἢ
1023 871 1381 946 προσομιλεῖ
2086 871 2220 921 108³

425 959 642 1039 σοφίας
672 957 886 1019 ἕνεκεν·
930 950 1182 1014 πάσαισι
1211 952 1319 1029 μὲν
1349 950 1437 1012 οὔ·

421 1049 642 1122 παῦρον
672 1043 736 1102 δὲ
767 1039 936 1121 γένος
968 1040 1125 1116 (μίαν
1154 1037 1217 1098 ἐν
1247 1039 1502 1100 πολλαῖς

428 1130 613 1206 εὕροις
642 1125 715 1188 ἂν
744 1128 908 1202 ἴσως)

435 1213 538 1274 οὐκ
569 1212 907 1287 ἆπόμουσον
937 1208 1004 1269 τὸ
1031 1210 1338 1286 γυναικῶν.

427 1298 531 1358 καί
556 1303 708 1374 φημι
737 1299 972 1372 βροτῶν
998 1289 1203 1353 οἵτινές
1236 1293 1390 1351 εἰσιν
2088 1293 2226 1345 1090

425 1378 670 1459 πάμπαν
698 1378 925 1455 ἄπειροι
953 1375 1085 1452 μηδ’
1116 1373 1447 1451 ἐφύτευσαν

429 1469 657 1534 παῖδας,
691 1460 1008 1545 προφέρειν
1040 1463 1120 1523 εἰς
1151 1457 1423 1538 εὐτυχίαν

431 1555 547 1611 τῶν
575 1547 950 1628 γειναμένων.

433 1637 489 1697 οὶ
517 1636 624 1712 μὲν
654 1633 882 1695 ἄτεκνοι
912 1634 981 1692 δι’
1013 1627 1404 1706 ἆπειροσύναν

433 1721 540 1783 εἴθ’
571 1719 679 1796 ἡδὺ
706 1721 946 1797 βροτοῖς
978 1715 1081 1777 εἴτ’
1116 1711 1355 1789 ἀνιαρὸν
2098 1715 2229 1769 1095

430 1808 631 1869 παῖδες
660 1799 961 1867 τελέθουσ’
995 1799 1127 1881 οὐχὶ
1157 1798 1434 1877 τυχόντες

433 1896 675 1951 πολλῶν
704 1891 943 1969 μόχθων
972 1887 1313 1963 ἀπέχονται·

438 1975 559 2036 οἶσι
589 1975 652 2035 δὲ
680 1971 896 2034 τέκνων
927 1973 1089 2034 ἔστιν
1120 1971 1183 2028 ἐν
1213 1970 1392 2030 οἴκοις

435 2057 721 2137 γλυκερὸν
748 2054 1070 2133 βλάστημ’,
1107 2055 1294 2129 ἐσορῶ
1325 2051 1538 2131 μελέτῃ

442 2139 973 2221 κατατρυχομένους
1002 2138 1106 2198 τὸν
1136 2136 1363 2198 ἅπαντα
1391 2137 1630 2214 χρόνον·
2101 2138 2236 2188 1100

440 2231 672 2305 πρῶτον
699 2227 807 2301 μὲν
837 2225 993 2288 ὅπως
1024 2220 1314 2301 θρέψουσι
1346 2224 1555 2287 καλῶς,

442 2312 650 2389 βίοτόν
679 2310 732 2371 θ’
766 2310 981 2372 ὁπόθεν
1008 2307 1292 2385 λείψουσι
1320 2302 1564 2366 τέκνοις·

445 2398 532 2462 ἔτι
562 2394 608 2458 δ’
644 2397 706 2471 ἐκ
736 2394 954 2456 τούτων
985 2389 1083 2455 εἴτ’
1119 2391 1213 2454 ἐπὶ
1245 2389 1531 2470 φλαύροις

406 2499 410 2506 “
445 2479 545 2546 εἴτ’
576 2481 671 2563 ἐπὶ
701 2484 983 2561 χρηστοῖς

442 2571 755 2647 μοχθοῦσι,
788 2563 904 2626 τόδ’
941 2563 1102 2627 ἐστὶν
1129 2562 1364 2638 ἄδηλον.

449 2652 515 2715 ἓν
544 2655 607 2713 δὲ
634 2649 702 2711 τὸ
731 2649 963 2710 πάντων
990 2649 1260 2710 λοίσθιον
1289 2645 1397 2722 ἤδη
2110 2643 2243 2696 1105

446 2737 631 2796 πᾶσιν
661 2739 878 2811 κατερῶ
910 2736 1173 2808 θνητοῖσι
1204 2733 1403 2807 κακόν·

454 2818 548 2880 καὶ
577 2817 646 2894 δὴ
677 2819 788 2896 γὰρ
819 2816 950 2880 ἅλις
977 2817 1186 2891 βίοτόν
1217 2812 1265 2874 θ’
1300 2813 1495 2891 ηὗρον,

450 2901 623 2981 σῶμά
651 2900 699 2964 τ’
735 2906 794 2966 ἐς
823 2902 980 2979 ἥβην
1010 2899 1192 2976 ἤλυθε
1222 2898 1440 2959 τέκνων

450 2987 709 3069 χρηστοί
731 2985 777 3049 τ’
815 2982 1091 3067 ἐγένοντ’·
1139 2987 1192 3047 εἰ
1222 2983 1287 3044 δὲ
1318 2980 1571 3060 κυρήσας

453 3075 675 3151 δαίμων
704 3073 888 3142 οὗτος,
925 3073 1177 3149 φροῦδος
1208 3069 1269 3134 ἐς
1289 3065 1504 3142 “Αιδην
2114 3063 2254 3119 1110

456 3160 731 3222 Θάνατος
760 3157 1072 3237 προφέρων
1102 3154 1349 3230 σώματα
1376 3150 1611 3213 τέκνων.

453 3248 576 3308 πῶς
607 3243 709 3304 οὖν
737 3243 867 3304 λύει
897 3239 1040 3319 πρὸς
1069 3245 1193 3303 τοῖς
1222 3238 1430 3304 ἄλλοις

455 3325 610 3405 τήνδ’
647 3326 732 3390 ἔτι
761 3329 955 3402 λύπην
984 3320 1371 3403 ἀνιαροτάτην

455 3414 678 3475 παίδων
708 3412 906 3476 ἕνεκεν

460 3501 728 3571 θνητοῖσι
756 3496 925 3561 θεοὺς
955 3491 1311 3574 ἐπιβάλλειν
1333 3517 1350 3570 ;
1686 3509 1695 3520 ·
2123 3489 2254 3543 1515

291 3587 443 3648 MH.
466 3586 658 3661 φίλαι,
692 3578 878 3643 πάλαι
908 3580 977 3657 δὴ
1008 3502 1889 3659 wpoape'vovfflffl*

463 3668 758 3744 καραδοκῶ
788 3666 1055 3728 τάκεῖθεν
1084 3665 1146 3727 οἷ
1169 3663 1556 3744 προβήσεται.
