2492 4092
1186 319 1401 361 ΕΚΑΒΗ.

474 454 664 515 θανὼν
693 457 743 514 δ’
775 451 848 516 ἂν
878 456 966 530 εἴη
996 457 1230 531 μᾶλλον
1260 452 1678 534 εὐτυχέστερος

471 535 507 612 ἢ
540 536 672 612 ζῶν·
716 536 782 598 τὸ
811 541 923 618 γὰρ
956 538 1062 614 ζῆν
1089 537 1168 615 μὴ
1200 544 1389 603 καλῶς
1416 536 1601 618 μέγας
1630 538 1828 602 πόνος.

300 626 432 686 XO.
467 622 652 686 δεινὸς
680 623 979 702 χαρακτὴρ
1011 623 1339 700 κᾶπίσημος
1371 625 1435 685 ἐν
1462 629 1704 704 βροτοῖς

470 708 699 769 ἐσθλῶν
726 708 1021 786 γενέσθαι,
1054 708 1191 769 κάπὶ
1218 707 1419 785 μεῖζον
1448 709 1682 787 ἔρχεται

469 795 571 869 τῆς
601 791 892 870 εὐγενείας
922 793 1105 869 ὄνομα
1133 798 1329 854 τοῖσιν
1357 790 1563 867 ἀξίοις.

299 879 423 939 ΕΚ.
468 880 660 940 καλῶς
687 880 795 953 μὲν
825 878 1009 949 εἶπας,
1046 877 1315 955 θύγατερ·
1358 877 1515 938 ἆλλᾶ
1544 877 1623 960 τῷ
1657 877 1820 960 καλῷ

466 960 624 1037 λύπη
657 964 996 1041 πρόσεστιν.
1046 966 1100 1026 εἰ
1129 962 1193 1024 δὲ
1223 967 1317 1024 δεῖ
1339 964 1421 1043 τῷ
1456 960 1707 1038 Πηλέως

463 1044 639 1125 χάριν
666 1046 943 1127 γενέσθαι
972 1047 1154 1123 παιδὶ,
1188 1046 1282 1108 καὶ
1310 1049 1510 1126 ψόγον
1541 1051 1757 1127 φυγεῖν

463 1132 628 1209 ὑμᾶς,
661 1132 981 1202 Ὀδυσσεῦ,
1014 1130 1187 1207 τήνδε
1214 1133 1324 1211 μὲν
1350 1131 1430 1209 μὴ
1461 1133 1734 1207 κτείνετε,

463 1216 613 1292 ἡμᾶς
644 1212 692 1276 δ’
725 1217 970 1296 ἄγοντες
999 1216 1142 1295 πρὸς
1172 1219 1360 1295 πυρὰν
1389 1215 1727 1296 Ἀχιλλέως

467 1304 738 1374 κεντεῖτε,
769 1300 849 1377 μὴ
880 1300 1171 1379 φείδεσθ’·
1217 1301 1331 1378 ἐγὼ
1381 1324 1550 1362 τεκον
1579 1298 1792 1379 Πάριν,

464 1382 527 1446 ὃς
558 1387 743 1445 παῖδα
773 1383 1019 1448 Θέτιδος
1050 1383 1279 1446 ὤλεσεν
1308 1382 1502 1459 τόξοις
1529 1385 1762 1460 βαλών.

290 1472 429 1530 ΟΔ.
467 1467 535 1530 οὗ
566 1465 646 1537 σ’,
681 1465 727 1529 ὦ
759 1473 986 1549 γεραιὰ,
1022 1471 1329 1533 κατθανεῖν
1355 1465 1689 1547 Ἀχιλλέως

464 1552 763 1632 φάντασμ’
791 1554 1094 1634 Ἀχαιοὺς,
1128 1554 1292 1615 ἀλλὰ·
1325 1552 1506 1630 τήνδ’,
1538 1549 1819 1636 ᾐτήσατο.

296 1641 430 1699 ΕΚ.
466 1639 631 1715 ὑμεῖς
659 1638 724 1700 δέ
749 1639 815 1716 μ’
845 1639 1004 1701 ἀλλὰ
1034 1639 1275 1720 θυγατρὶ
1305 1638 1777 1717 συμφονεύσατε,

463 1723 555 1786 καὶ
587 1724 671 1788 δὶς
702 1725 884 1786 τόσον
911 1723 1059 1802 πῶμ’
1093 1726 1335 1801 αἵματος
1364 1721 1679 1803 γενήσεται

459 1811 602 1892 γαία
631 1812 811 1894 νεκρῷ
843 1834 908 1872 τε
936 1811 1016 1893 τῷ
1048 1808 1169 1873 τάδ’
1203 1807 1605 1891 ἐξαιτουμένῳ.

290 1896 430 1955 ΟΔ.
466 1871 598 1957 ἅλις
629 1896 800 1973 κόρης
830 1897 939 1970 σῆς
972 1872 1354 1959 θάνατος·οὗ
1382 1892 1771 1972 προσοιστέος

460 1976 647 2042 ἄλλος
675 1979 819 2056 πρὸς
849 1981 1040 2062 ἄλλῳ·
1083 1980 1231 2059 μηδε
1260 1980 1416 2041 τόνδ’
1450 1978 1809 2058 ωφείλομεν.

293 2066 424 2123 ΕΚ.
460 2060 656 2137 πολλή
686 2062 740 2140 γ’
776 2063 997 2142 ἀνάγκη
1030 2063 1271 2143 θυγατρὶ
1300 2067 1612 2124 συνθανεῖν
1642 2061 1763 2141 ἐμέ.

291 2149 428 2210 ΟΔ.
466 2150 628 2222 πῶς;
661 2147 728 2208 οὗ
758 2149 869 2228 γὰρ
901 2144 1032 2210 οἴδα
1060 2147 1351 2210 δεσπότας
1383 2145 1741 2222 κεκτημένος.

294 2233 421 2293 ΕΚ.
465 2232 641 2293 ὁποῖα
672 2231 880 2297 κισσὸς
909 2230 1142 2309 δρυὸς“
1108 2254 1267 2295 οπως
1296 2230 1462 2308 τῆσδ’
1496 2227 1718 2306 ἕξομαι.
1813 2282 1818 2287 .

290 2318 428 2377 ΟΔ.
472 2314 593 2387 ουκ,
628 2315 700 2394 ην
728 2340 799 2395 γε
827 2318 998 2401 πείθῃ
1028 2320 1187 2377 τοῖσι
1217 2321 1328 2377 σοῦ
1360 2313 1743 2394 σοφωτέροις.

292 2405 422 2464 ΕΚ.
463 2402 538 2465 ὡς
568 2403 737 2478 τῆσδ’
771 2404 989 2464 ἑκοῦσα
1019 2398 1225 2464 παιδὸς
1257 2402 1325 2464 οὗ
1353 2399 1705 2481 μεθήσομαι.

291 2490 430 2548 ΟΔ.
468 2487 600 2548 ἀλλ’
630 2487 752 2549 οὐδ’
785 2488 898 2566 ἐγω
926 2486 1043 2564 μὴν
1071 2484 1231 2562 τήνδ’
1263 2487 1461 2565 ἄπειμ’
1495 2487 1672 2548 αὐτοῦ
1702 2484 1942 2548 λιπών.·

295 2572 599 2634 ΠΟΛΎΞ.
647 2573 848 2649 μῆτερ,
878 2576 1057 2633 πιθοῦ
1083 2592 1207 2648 μοι·
1253 2572 1348 2633 καὶ
1378 2570 1473 2640 σὺ,
1508 2576 1618 2633 παῖ
1641 2571 1961 2650 Λαερτίου,
2057 2569 2066 2577 ’

465 2653 629 2733 χάλα
658 2660 929 2718 τοκεῦσιν
958 2657 1194 2719 εἰκότως
1224 2655 1620 2732 θυμουμένοις,

466 2737 543 2798 σύ
571 2736 645 2814 τ’,
677 2736 722 2797 ὦ
752 2738 1023 2816 τάλαινα,
1043 2744 1175 2803 ’τοῖς
1206 2744 1483 2817 κρατοῦσι
1511 2737 1590 2815 μὴ
1619 2736 1836 2817 μάχου.

463 2821 677 2898 βούλει
708 2828 914 2885 πεσεῖν
943 2822 1089 2901 πρὸς
1119 2822 1312 2898 οὖδας,
1345 2824 1605 2884 ἑλκῶσαί
1630 2845 1693 2882 τε
1725 2820 1836 2881 σὸν

464 2903 713 2987 γέροντα
739 2912 938 2987 χρῶτα
967 2903 1111 2987 πρὸς
1140 2906 1285 2983 βίαν
1314 2903 1630 2984 ὧθουμένη,

466 2991 888 3072 ἆσχημονῆσαί
912 2993 1025 3053 τ”
998 3016 1061 3052 εκ
1092 2990 1225 3053 νέου
1252 2990 1576 3072 βραχίονος

467 3074 784 3139 σπασθεῖσ’
813 3102 829 3153 ;
875 3076 914 3137 ἃ
942 3080 1156 3140 πείσει·
1244 3074 1325 3154 μη
1357 3076 1433 3137 σύ
1461 3078 1534 3154 γ’·
1582 3073 1650 3136 οὗ
1680 3076 1794 3154 γὰρ
1824 3071 2017 3150 ἄξιον.

467 3159 629 3239 ἀλλ’,
660 3187 706 3221 ω
739 3161 887 3241 φίλη
917 3187 1019 3240 μοι
1047 3164 1251 3240 μῆτερ,
1282 3161 1528 3238 ἡδιστην
1548 3159 1696 3240 χέρα

467 3245 568 3312 δὸς
597 3243 690 3306 καὶ
720 3249 965 3327 παρειὰν
992 3246 1367 3325 προσβαλεῖν
1394 3247 1649 3324 παρηίδι·

470 3328 547 3395 ὣς
580 3330 775 3392 οὔποτ’
808 3330 991 3402 αὖθις,
1025 3331 1183 3392 ἀλλὰ
1212 3334 1316 3394 νῦν
1343 3331 1715 3393 πανύστατον

469 3414 674 3478 ἀκτῖνα
704 3415 918 3478 κύκλον
947 3416 996 3476 θ’
1024 3414 1195 3491 ἡλίου
1226 3413 1635 3494 προσόψομαι.

469 3495 640 3563 τέλος
669 3498 829 3579 δέχει
857 3499 926 3577 δη
956 3504 1072 3562 τῶν
1100 3501 1252 3578 έμῶν
1280 3497 1813 3580 προσφθεγμάτων.

471 3609 519 3644 ω
549 3584 749 3661 μῆτερ,
780 3583 825 3645 ὦ
855 3588 1109 3655 τεκοῦσ,
1145 3584 1347 3662 ἄπειμι
1378 3583 1447 3660 δὴ
1479 3581 1655 3647 κάτω.

301 3671 437 3732 ΕΚ.
473 3664 519 3729 ὦ
551 3668 816 3747 θύγατερ,
848 3668 1014 3747 ἡμεῖς
1043 3669 1094 3730 δ’
1129 3670 1192 3731 ἐν
1221 3667 1363 3747 φάει
1393 3667 1808 3744 δουλεύσομεν.

2219 314 2273 364 11

2174 721 2276 768 380

2168 1143 2267 1194 385

2170 1565 2276 1616 390

2164 1990 2268 2041 395

2166 2413 2270 2458 400

2167 2834 2268 2881 405

2170 3256 2275 3303 410

2177 3679 2279 3727 ⁴15
