2492 4092
1108 293 1281 334 MHAE
1290 293 1361 336 (Α.

249 425 358 486 1A.
417 420 579 486 ἀλλά
605 427 663 485 σ’
692 423 920 504 Ἐρινὺς
951 422 1183 488 ὀλέσειε
1212 421 1430 488 τέκνων

423 508 603 587 φονία
630 532 696 570 τε
725 509 897 586 Δίκη.

251 595 404 654 ΜΗ.
423 593 513 657 τίς
541 593 605 654 δὲ
636 592 799 655 κλύει
839 617 949 655 σου
979 590 1109 657 θεὸς
1138 591 1174 669 ἢ
1205 593 1446 670 δαίμων,

419 681 525 740 τοῦ
553 676 883 757 ψευδόρκου
914 678 1007 739 καὶ
1038 674 1386 752 ξειναπάτου
1403 703 1422 753 3

251 769 356 829 IA.
418 767 535 841 φεῦ
565 765 699 842 φεῦ,
729 764 966 839 μυσαρὰ
995 760 1089 822 καὶ
1117 760 1486 838 παιδολέτορ.

251 853 404 913 ΜΗ.
425 849 629 925 στεῖχε
655 845 801 910 ποδς
830 847 1019 910 οἴκους
1050 846 1145 908 καὶ
1174 843 1347 906 θάπτ’
1379 847 1619 926 ἄλοχον.

251 936 356 994 IA.
418 930 657 1011 στείχω,
689 934 915 994 δισσῶν
942 934 1000 1010 γ’
1032 928 1247 1009 ἄμορος
1278 927 1510 991 τέκνων.

252 1020 402 1079 ΜΗ.
425 1015 583 1077 οὔπω
614 1018 859 1094 θρηνεῖς·
903 1013 1043 1092 μένε
1074 1016 1166 1078 καὶ
1194 1019 1398 1094 γῆρας.

250 1104 359 1165 IA.
418 1097 464 1162 ὦ
494 1097 667 1162 τέκνα
694 1102 968 1177 φίλτατα.
1059 1105 1210 1162 ΜΗ.
1254 1099 1435 1180 μητρί
1456 1123 1543 1177 γε,
1579 1097 1676 1160 σοὶ
1706 1101 1759 1161 δ’
1792 1100 1879 1162 οὔ.
1952 1134 1957 1143 ·

251 1187 356 1248 ΙΑ.
417 1183 641 1246 κᾶπειτ’
674 1182 842 1247 ἔκτας
859 1209 880 1256 3
970 1188 1120 1245 MH.
1168 1182 1240 1244 σέ
1268 1208 1340 1262 γε
1368 1181 1738 1261 πημαίνουσ’.

252 1272 356 1330 ΙΑ.
420 1269 563 1329 αἰαῖ·
612 1266 816 1345 φιλίου
845 1263 1038 1350 χρῄζω
1071 1268 1363 1344 στόματος

421 1350 644 1414 παίδων
671 1353 704 1413 ὁ
731 1348 916 1414 τάλας
945 1350 1448 1428 προσπτύξασθαι.

253 1441 405 1498 ΜΗ.
428 1440 533 1497 νῦν
563 1443 685 1514 σφε
711 1431 1066 1515 προσαυδᾷς,
1098 1438 1201 1497 νῦν
1229 1433 1497 1510 ἀσπάζει,

421 1515 540 1581 τότ’
574 1516 976 1596 ἀπωσάμενος.
1071 1522 1171 1583 IA.
1218 1520 1317 1584 δός
1345 1543 1445 1598 μοι
1475 1516 1619 1597 πρὸς
1648 1522 1798 1583 θεῶν

421 1609 689 1683 μαλακοῦ
717 1604 943 1685 χρωτὸς
972 1607 1206 1683 ψαῦσαι
1235 1601 1471 1667 τέκνων.

253 1693 403 1752 ΜΗ.
426 1689 530 1751 οὐκ
560 1686 711 1750 ἔστι·
753 1685 943 1764 μάτην
971 1688 1111 1751 ἔπος
1142 1686 1425 1767 ἔρριπται.

253 1776 355 1837 ΙΑ.
416 1777 553 1851 Ζεῦ,
582 1769 709 1834 τάδ’
738 1772 966 1836 ἀκούεις
997 1771 1074 1838 ὦς
1102 1772 1545 1850 ἀπελαυνόμεθ’,

422 1856 518 1919 οἷά
546 1881 612 1919 τε
638 1854 949 1938 πάσχομεν
977 1861 1041 1921 ἐκ
1069 1860 1172 1933 τῆς
1200 1860 1464 1937 μυσαρᾶς

422 1941 517 2002 καὶ
545 1943 907 2021 παιδοφόνον
937 1944 1116 2018 τῆσδε
1143 1943 1380 2020 λεαίνης
1405 1967 1421 2018 ;

421 2025 561 2087 ἀλλ’
593 2025 815 2086 ὁπόσον
842 2031 985 2103 γοῦν
1013 2025 1173 2103 πάρα
1203 2028 1298 2088 καὶ
1329 2028 1574 2105 δύναμαι

420 2105 564 2170 τάδε
593 2107 686 2170 καὶ
718 2112 904 2185 θρηνῶ
936 2106 1288 2184 κάπιθοάζω,

419 2215 848 2270 μαρτυρομενος
878 2194 1152 2267 δαίμονας
1181 2195 1260 2256 ὥς
1287 2218 1389 2269 μοι

417 2273 571 2339 τέκν’
604 2275 976 2337 ἀποκτείνασ)
1009 2275 1371 2342 ἀποκωλύεις

418 2359 657 2437 ’ψαῦσαί
680 2384 745 2422 τε
770 2364 974 2438 χεροῖν
1002 2359 1196 2438 θάψαι
1225 2385 1290 2423 τε
1317 2362 1572 2440 νεκροὺς,

417 2443 517 2508 οὓς
543 2441 753 2522 μήποτ’
786 2444 901 2522 ἐγὼ
932 2445 1128 2523 φύσας
1158 2445 1385 2523 ὄφελον

418 2529 562 2607 πρὸς
590 2534 702 2589 σοῦ
733 2528 1045 2608 φθιμένους
1075 2528 1392 2593 ἐπιὸέσθαι.

253 2614 387 2673 ΧΟ.
423 2618 668 2674 πολλῶν
697 2614 902 2690 ταμίας
935 2613 1080 2677 Ζεὺς
1111 2615 1173 2675 ἐν
1203 2616 1512 2699 Ὀλύμπῳ,

416 2698 616 2757 πολλὰ
645 2693 691 2756 δ’
725 2694 987 2761 ἀέλπτως
1018 2700 1317 2777 κραίνουσι
1346 2703 1486 2762 θεοί·

418 2779 513 2839 καὶ
541 2781 614 2839 τᾶ
641 2778 933 2853 δοκηθέντ’
965 2780 1065 2841 οὐκ
1097 2782 1399 2857 ἐτελέσθη,

417 2868 536 2923 τῶν
566 2863 617 2924 δ’
650 2859 946 2937 ἀδοκήτων
975 2863 1157 2940 πόρον
1186 2865 1324 2942 ηὗρε
1356 2866 1507 2929 θεός.

414 2946 629 3011 τοιόνδ’
661 2943 855 3023 ἀπέβη
885 2944 1018 3009 τόδε
1047 2948 1303 3028 πρᾶγμα.

2127 289 2221 337 119

2092 523 2224 574 1390

2086 909 2221 999 1595

2085 1369 2220 1416 1400

2082 1792 2215 1839 1405

2081 2213 2214 2262 1410

2081 2632 2212 2683 1415
