2492 4092
296 274 365 324 32
1102 283 1425 328 ΕΥΡΙΠΙΔΟΥ

446 416 673 495 θέσθαι,
704 414 938 498 τρέφων
967 414 1069 478 τὸν
1098 420 1279 479 παῖδα
1309 416 1416 479 κάν
1445 418 1644 498 δόμοις
1674 421 1831 503 ἔχων

449 503 730 578 ἔκτεινας,
760 499 796 578 ἢ
832 503 992 578 ζῶντ’
1024 500 1204 577 ἦλθες
1232 502 1592 581 Ἀργείοις”
1559 529 1762 584 αγων;

443 588 582 651 ἀλλ’
611 587 767 668 ἡνίχ’
795 585 962 663 ἡμεῖς
992 584 1174 647 οὐκέτ’
1202 584 1350 663 ἦμεν
1372 587 1436 650 ἐν
1465 585 1626 666 φάει,

444 673 642 756 καπνῷ
675 676 724 736 δ’
758 671 998 750 ἑσήμην’
1029 673 1178 734 ἄστυ
1205 674 1568 751 πολεμίων“
1531 697 1664 750 υπο,
2125 691 2262 741 1218

441 732 627 834 ξένον
642 753 916 820 κατέκτας
947 756 1061 833 σὴν
1085 757 1326 834 μολόντ’
1359 760 1455 838 ἐφ’
1489 759 1709 822 ἑστίαν.

440 841 589 920 πρὸς
618 839 821 902 τοῖσδέ
850 864 953 903 νυν
983 840 1299 903 ἄκουσον
1269 866 1345 905 ως
1376 847 1559 921 φανεῖ
1586 843 1781 910 κακός.

439 929 591 1035 χρῆν
621 930 677 988 σ’
682 970 700 996 ,
736 928 898 1003 εἴπερ
928 925 1084 1004 ἦσθα
1112 931 1236 990 τοῖς
1268 929 1604 1008 Ἀχαιοῖσιν
1634 929 1834 1007 φίλος,

438 1009 544 1076 τὸν
570 1010 795 1091 χρυσὸν
825 1010 891 1073 ὃν
914 1008 1030 1095 φῂς
1062 1012 1130 1074 οὐ
1161 1010 1287 1082 σὸν,
1321 1011 1480 1073 ἀλλα
1508 1015 1662 1074 τοῦδ’
1697 1013 1879 1093 ἔχειν,

439 1100 641 1158 δοῦναι
672 1096 928 1202 φέροντα
956 1093 1298 1172 πενομένοις
1328 1121 1395 1157 τε
1426 1099 1519 1159 καὶ
1549 1099 1769 1177 χρόνον
2118 1113 2261 1162 1220

436 1183 627 1244 πολὺν
655 1184 937 1265 πατρῴας
952 1183 1058 1261 γῆς
1089 1179 1569 1260 ἀπεξενωμένοις·

439 1291 515 1329 συ
545 1267 598 1327 δ’
628 1266 762 1327 οὐδὲ
791 1270 894 1330 νῦν
922 1289 1013 1327 πω
1046 1268 1155 1342 σῆς
1185 1264 1529 1343 ἀπαλλάξαι
1558 1265 1735 1348 χερὸς

436 1353 682 1433 τολμᾷς,
714 1351 870 1431 ἔχων
900 1352 964 1412 δὲ
994 1355 1286 1461 καρτερεῖς
1317 1350 1396 1413 ἔτ’
1431 1353 1495 1415 ἐν
1526 1353 1744 1431 δόμοις.

437 1437 532 1498 καὶ
560 1435 936 1515 μὴντρέφων
962 1462 1068 1515 μεν
1097 1436 1173 1500 ὥς
1204 1461 1279 1501 σε
1311 1442 1466 1500 παῖδ’
1496 1439 1676 1518 ἐχρῆν
1697 1437 1936 1519 τρέφειν

438 1522 642 1586 σώσας
671 1547 737 1585 τε
768 1519 868 1583 τὸν
899 1520 1040 1598 ἐμὸν
1059 1519 1215 1600 εἶχες
1246 1519 1320 1584 ἂν
1349 1521 1532 1584 καλὸν
1554 1521 1747 1589 κλέος·
2119 1538 2251 1587 1225

437 1609 502 1670 ἐν
529 1612 653 1671 τοῖς
685 1611 880 1669 κακοῖς
909 1609 1022 1684 γὰρ
1055 1606 1263 1684 ἀγαθοι
1291 1606 1662 1686 σαφέστατοι

437 1691 746 1770 φίλοι·τᾶ
772 1693 1004 1769 χρηστὰ
1034 1693 1083 1750 δ’
1113 1690 1234 1753 αὔθ’
1267 1691 1462 1753 ἕκαστ’
1496 1691 1621 1774 ἔχει
1648 1692 1887 1771 φίλους.

437 1777 492 1838 εἰ
521 1778 568 1837 δ’
601 1773 907 1849 ἐσπάνιζες
938 1773 1271 1855 χρημάτων,
1297 1777 1329 1836 ὁ
1353 1779 1402 1838 δ’
1433 1776 1691 1857 ηὐτύχει,

436 1857 789 1939 θησαυρὸς”
757 1884 828 1920 αν
860 1883 958 1922 σοι
989 1863 1123 1923 παῖς
1144 1861 1354 1940 ὑπῆρχ’
1385 1859 1560 1940 οὑμὸς
1588 1860 1788 1942 μέγας·

435 1949 540 2008 νῦν
564 1947 612 2006 δ’
646 1944 764 2007 οὔτ’
793 1947 1017 2007 εκεῖνον
1047 1945 1209 2024 ἄνδρ’
1243 1944 1400 2026 ἔχεις
1432 1950 1628 2030 σαυτῷ
1662 1951 1865 2027 φίλον,
2113 1963 2252 2011 1230

435 2034 662 2111 χρυσοῦ
692 2031 745 2091 τ’
779 2030 983 2107 ὄνησις
1012 2032 1237 2111 οἴχεται
1269 2030 1470 2097 παῖδές
1501 2033 1564 2096 τέ
1593 2042 1711 2104 σοι,

431 2117 606 2182 αὐτός
635 2140 702 2179 τε
728 2113 1017 2196 πράσσεις
1047 2114 1178 2180 ὦδε.
1227 2118 1325 2179 σοὶ
1349 2119 1398 2180 δ’
1434 2119 1548 2199 ἐγὼ
1580 2116 1755 2198 λέγω,

431 2199 829 2282 Ἀγάμεμνον,
865 2205 916 2266 εἰ
947 2202 1081 2287 τῷδ’
1115 2201 1400 2283 ἀρκέσεις,
1433 2203 1605 2269 κακὸς
1636 2209 1829 2284 φανεῖ·

436 2287 556 2350 οὔτ’
589 2287 810 2365 εὐσεβῆ
841 2288 953 2367 γὰρ
977 2287 1111 2351 οὔτε
1142 2287 1355 2351 πιστὸν
1384 2291 1469 2354 οἷς
1502 2291 1699 2370 ἐχρῆν,

436 2372 547 2451 οὐχ
576 2373 763 2442 ὅσιον,
798 2373 865 2451 οὐ
896 2374 1118 2434 δίκαιον
1140 2374 1203 2434 εὖ
1233 2371 1467 2451 δράσεις
1498 2371 1683 2447 ξένον·
2117 2384 2251 2434 1235

435 2454 611 2518 αὐτὸν
640 2458 704 2517 δὲ
732 2456 961 2534 χαίρειν
990 2460 1114 2519 τοῖς
1144 2463 1341 2519 κακοῖς
1370 2480 1443 2518 σε
1473 2454 1746 2535 φήσομεν

433 2544 699 2601 τοιοῦτον
728 2540 886 2601 ὄντα·
934 2539 1225 2603 δεσπότας
1257 2541 1310 2599 δ’
1342 2541 1410 2602 οὐ
1440 2542 1708 2619 λοιδορῶ.

260 2633 396 2691 XO.
432 2627 547 2704 φεῦ
578 2629 710 2702 φεῦ·
757 2629 1068 2703 βροτοῖσιν
1099 2622 1175 2687 ὧς
1205 2624 1277 2684 τᾶ
1303 2627 1538 2704 χρηστὰ
1568 2623 1881 2704 πράγματα

422 2713 697 2790 χρηστῶν
727 2708 995 2788 ἀφορμὰς
1027 2707 1288 2770 ἐνδίδωσ’
1325 2710 1413 2772 ἀεὶ
1442 2709 1660 2790 λόγων.

262 2797 382 2854 ΑΓ.
420 2795 665 2875 ἀχθεινὰ
692 2793 800 2872 μέν
821 2818 922 2871 μοι
951 2794 1275 2875 τάλλότρια
1306 2796 1520 2875 κρίνειν
1552 2796 1717 2859 κακά·
2111 2808 2250 2857 1240

431 2880 586 2957 ὅμως
617 2881 669 2941 δ’
702 2877 944 2959 ἀνάγκη·
993 2880 1085 2940 καὶ
1115 2883 1225 2960 γὰρ
1257 2883 1544 2963 αἰσχύνην
1574 2882 1744 2962 φέρει

433 2967 653 3045 πρᾶγμ’
686 2966 745 3031 ἐς
766 2963 944 3045 χέρας
973 2966 1222 3041 λαβόντ’
1249 2967 1607 3028 ἀπώσασθαι
1637 2967 1789 3029 τόδε.

436 3049 563 3128 ἐμοὶ
587 3054 661 3127 δ’,
687 3049 762 3112 ἵν’
797 3051 970 3133 εἰδῇς,
1007 3051 1128 3112 οὔτ’
1164 3048 1309 3127 ἐμὴν
1338 3054 1524 3115 δοκεῖς
1556 3051 1731 3130 χάριν

436 3134 558 3196 ουτ’
591 3137 693 3197 οὖν
719 3137 979 3216 Ἀχαιῶν
1007 3133 1160 3215 ἄνδρ’
1196 3137 1532 3199 ἀποκτεῖναι
1563 3133 1751 3210 ξένον,

432 3218 575 3280 ἀλλ’
607 3217 682 3283 ὦς
715 3219 857 3303 ἔχῃς
885 3218 989 3283 τὸν
1014 3221 1241 3300 χρυσὸν
1273 3221 1335 3283 έν
1364 3222 1597 3299 δόμοισι
1628 3224 1776 3285 σοῖς.
2109 3234 2243 3282 1245

431 3301 626 3383 λέγεις
656 3304 720 3365 δὲ
750 3307 943 3387 σαυτῷ
976 3306 1294 3386 πρόσφορ’,
1323 3307 1386 3368 ἐν
1415 3311 1682 3367 κακοῖσιν
1712 3305 1809 3367 ὥν

431 3386 566 3495 τάχ’
599 3390 701 3454 ουν
730 3390 868 3467 παρ’
898 3391 1036 3468 ὑμῖν
1063 3389 1270 3472 ῥάδιον
1299 3389 1680 3467 ξενοκτονεῖν·

435 3471 576 3550 ἡμῖν
604 3472 666 3535 δέ
695 3476 753 3554 γ’
787 3473 1039 3554 αἰσχρὸν
1067 3482 1259 3537 τοῖσιν
1278 3473 1583 3551 Ἕλλησιν
1611 3474 1763 3536 τόδε.

432 3564 558 3625 πῶς
587 3561 682 3622 οὖν
719 3584 791 3621 σε
822 3561 1016 3638 κρίνας
1044 3559 1122 3635 μὴ
1154 3560 1372 3621 ἀδικεῖν
1402 3562 1572 3637 φύγω
1603 3559 1838 3638 ψόγον·
1822 3607 1842 3636 ,
