2492 4092
1126 327 1376 370 ΜΗΔΕΙΑ.
2144 322 2237 395 ¹⁰⁵.

435 470 543 532 τᾶν
570 467 1011 549 παιδολέτειραν
1039 465 1176 544 ἔξει,

431 558 540 618 τὰν
565 553 677 635 οὐχ
706 554 877 616 ὁσίαν
904 554 1031 632 μετ’
1057 553 1262 615 ἄλλων
1284 578 1304 629 3
2133 573 2239 616 8³0

436 637 660 719 σκέψαι
686 636 906 700 τεκέων
927 641 1184 718 πλαγᾶν,

435 721 659 804 σκέψαι
688 721 875 803 φόνον
903 722 1029 784 οἷον
1059 723 1228 801 αἴρει.

430 806 533 885 μὴ,
566 807 710 887 πρὸς
739 804 1002 888 γονάτων
1031 832 1104 870 σε
1132 804 1350 871 πάντες

431 890 663 957 πάντως
694 891 1040 970 ἱκετεύομεν,

435 977 515 1055 μὴ
546 979 721 1040 τέκνα
749 977 1070 1062 φονεύσῃς.
2140 988 2238 1037 855

433 1142 617 1205 πόθεν
647 1141 863 1223 θράσος
889 1140 927 1219 ἢ
959 1141 1174 1223 φρενὸς
1202 1140 1240 1220 ἢ

433 1228 588 1307 χειρὶ
616 1226 840 1289 τέκνων
874 1228 1049 1290 σέθεν

438 1313 642 1393 καρδίᾳ
669 1335 734 1372 τε
761 1308 949 1390 λήψει

439 1397 633 1460 δεινᾶν
661 1394 1046 1474 προσάγουσα
1075 1396 1300 1473 τόλμαν

437 1485 561 1544 πῶς
590 1483 640 1541 δ’
674 1480 905 1558 ὄμματα
933 1484 1371 1559 προσβαλοῦσα
2138 1487 2244 1539 »360

437 1561 659 1629 τέκνοις
689 1564 939 1645 ἄδακρυν
965 1571 1177 1645 μοῖραν

443 1648 693 1730 σχήσεις
716 1648 939 1729 φόνου;
985 1649 1052 1711 οὗ
1082 1645 1342 1728 δυνάσει,

437 1736 663 1797 παίδων
695 1737 886 1798 ἱκετᾶν
914 1734 1256 1811 πιτνόντων,

439 1817 643 1898 τέγξαι
667 1819 819 1900 χέρα
847 1818 1087 1900 φοινίαν

405 1903 752 1983 ᾕεῦτλάμονι
782 1905 939 1987 θυμῷ
2142 1914 2242 1964 ἐῦὸ

269 1990 371 2049 ΙΑ.
435 1988 555 2065 ἥκω
589 1989 946 2053 κελευσθείς·
993 1989 1087 2051 καὶ
1116 1989 1226 2069 γὰρ
1258 1989 1409 2052 οὖσα
1438 1988 1727 2067 δυσμενὴς

440 2074 544 2135 οὐκ
573 2072 646 2134 ἄν
673 2073 732 2151 γ’
766 2071 1041 2151 ἁμάρτοις
1070 2072 1240 2136 τοῦδέ
1268 2078 1346 2152 γ’,
1379 2075 1518 2135 ἀλλ’
1551 2075 1877 2151 ἀκούσομαι

440 2158 501 2218 τί
523 2160 723 2237 χρῆμα
742 2157 955 2235 βούλει
987 2156 1185 2219 καινὸν
1214 2157 1285 2232 ἐξ
1311 2160 1473 2233 ἐμοῦ,
1508 2157 1695 2236 γύναι.

274 2243 424 2305 MH.
435 2242 664 2316 'Ilio-ov,
697 2242 971 2318 αἰτοῦμαί
997 2266 1068 2304 σε
1105 2247 1222 2303 τῶν
1259 2239 1573 2319 εἰρημένων

442 2327 814 2407 ουγγνῶμον’
848 2324 1017 2391 εἶναι·
1063 2327 1166 2391 τὰς
1196 2323 1242 2388 δ’
1279 2328 1418 2402 ἐμᾶς
1446 2326 1622 2405 ὀργὰς
1645 2324 1849 2405 φέρειν
2141 2339 2248 2388 870

442 2411 597 2476 εἰκός
628 2410 708 2488 ο),
739 2410 864 2475 ἐπεὶ
894 2411 1009 2496 νῷν
1035 2409 1212 2473 πόλλ’
1243 2411 1629 2492 ὑπείργασται
1658 2412 1828 2511 φίλα.

441 2496 556 2576 ἐγὼ
592 2495 637 2558 δ’
671 2496 885 2581 ἐμαυτῇ
918 2499 1015 2559 διὰ
1042 2495 1244 2574 λόγων
1274 2495 1588 2575 ἀφικόμην,

443 2581 859 2661 κᾶλοιδόρησα·
908 2584 1176 2661 σχετλία,
1212 2581 1275 2641 τί
1295 2581 1574 2660 μαίνομαι

442 2665 536 2728 καὶ
566 2666 926 2743 δυσμεναίνω
957 2670 1112 2728 τοῖσι
1138 2666 1531 2744 βουλεύουσιν
1560 2666 1643 2744 ευ,

442 2750 627 2831 ἐχθρὰ
656 2750 719 2810 δὲ
747 2749 917 2828 γαίας
942 2750 1227 2826 κοιράνοις
1260 2750 1611 2829 καθίσταμαι
1806 2753 1811 2763 ’
1866 2812 1879 2827 ,
2139 2761 2243 2815 875

442 2835 619 2895 πόσει
649 2833 724 2909 θ’,
757 2832 818 2896 ὃς
847 2833 986 2909 ἡμῖν
1015 2834 1123 2913 δρᾷ
1156 2834 1227 2893 τὰ
1255 2834 1710 2914 συμφορώτατα,

444 2914 634 2997 γήμας
657 2916 939 2995 τύραννον
968 2915 1063 2977 καὶ
1094 2914 1478 2996 κασιγνήτους
1509 2916 1733 2982 τέκνοις

443 3004 603 3080 ἐμοῖς
634 3001 900 3082 φυτεύων
922 3026 939 3080 3
985 2999 1087 3063 οὐκ
1110 2999 1649 3083 ἆπαλλαχθήσομαι

443 3090 626 3166 θυμοῦ
644 3112 664 3164 3
707 3088 770 3149 τί
792 3087 1030 3169 πάσχω,
1066 3090 1213 3151 θεῶν
1240 3085 1598 3165 ποριζόντων
1629 3089 1821 3154 καλῶς
1839 3110 1930 3174 3-

445 3171 547 3235 οὗκ
577 3173 693 3235 εἶσὶ
721 3170 831 3253 μέν
856 3197 958 3251 μοι
987 3175 1208 3249 παῖδες,
1238 3170 1371 3234 οἶδα
1401 3174 1465 3234 δὲ
1492 3170 1683 3254 χθόνα
2138 3183 2241 3230 880

443 3257 771 3368 φεύγοντας
800 3257 953 3334 ἡμᾶς
985 3258 1079 3319 καὶ
1110 3197 1536 3333 σπανίζονταςχ
1528 3257 1724 3336 φίλων
1741 3282 1767 3336 3

446 3345 607 3403 ταῦτ’
640 3339 954 3418 ἔννοήσασ’
983 3337 1252 3426 ᾐσθόμην
1281 3342 1575 3419 ἀβουλίαν
1675 3385 1681 3390 -

445 3425 680 3503 πολλὴν
711 3427 938 3508 ἔχουσα
969 3403 1061 3487 καὶ
1089 3424 1280 3505 μάτην
1309 3424 1652 3507 θυμουμένη.

448 3514 553 3574 νῦν
582 3512 684 3573 οὖν
714 3512 949 3590 ἐπαινῶ,
982 3517 1317 3593 σωφρονειν
1347 3510 1410 3574 τέ
1435 3536 1536 3589 μοι
1566 3514 1756 3578 δοκεῖς

448 3596 619 3670 κῆδος
645 3595 767 3657 τόδ’
797 3595 936 3675 ἡμῖν
964 3598 1346 3676 προσλαβὼν,
1379 3597 1494 3675 ἔγω
1518 3598 1572 3658 δ’
1605 3594 1829 3676 ἄφρων,
2138 3609 2240 3657 885

445 3675 483 3764 ᾖ
512 3682 666 3761 χρῆν
689 3685 949 3760 μετεῖναι
976 3685 1155 3745 τῶνδε
1184 3687 1300 3746 τῶν
1325 3681 1748 3761 βουλευμάτων

1967 3789 2003 3829 1·
2021 3781 2052 3829 3
