<?xml version="1.0" encoding="UTF-8"?>
<!DOCTYPE html PUBLIC "-//W3C//DTD XHTML 1.0 Transitional//EN"
    "http://www.w3.org/TR/xhtml1/DTD/xhtml1-transitional.dtd">
<html xmlns="http://www.w3.org/1999/xhtml" xml:lang="en" lang="en">
 <head>
  <title>
</title>
<meta http-equiv="Content-Type" content="text/html;charset=utf-8" />
  <meta name='ocr-system' content='tesseract 3.04.00' />
  <meta name='ocr-capabilities' content='ocr_page ocr_carea ocr_par ocr_line ocrx_word'/>
</head>
<body>
  <div class='ocr_page' id='page_1' title='image "./hecubaandmedeae00unkngoog_0095.png"; bbox 0 0 2492 4092; ppageno 0'>
   <div class='ocr_carea' id='block_1_1' title="bbox 1023 1173 1468 1232">
    <p class='ocr_par' dir='ltr' id='par_1_1' title="bbox 1023 1173 1468 1232">
     <span class='ocr_line' id='line_1_1' title="bbox 1023 1173 1468 1232; baseline 0 -2"><span class='ocrx_word' id='word_1_1' title='bbox 1023 1173 1468 1232; x_wconf 79' lang='grc' dir='ltr'>ΎΠΟΘΕΣΙΣ.</span> 
     </span>
    </p>
   </div>
   <div class='ocr_carea' id='block_1_2' title="bbox 248 1323 2225 2505">
    <p class='ocr_par' dir='ltr' id='par_1_2' title="bbox 248 1323 2225 2505">
     <span class='ocr_line' id='line_1_2' title="bbox 338 1323 2217 1405; baseline -0.001 -17"><span class='ocrx_word' id='word_1_2' title='bbox 338 1326 555 1389; x_wconf 83' lang='grc' dir='ltr'>Ἰάσων</span> <span class='ocrx_word' id='word_1_3' title='bbox 614 1330 697 1391; x_wconf 83' lang='grc' dir='ltr'>εἰς</span> <span class='ocrx_word' id='word_1_4' title='bbox 754 1326 1045 1403; x_wconf 90' lang='grc' dir='ltr'>Κόρινθον</span> <span class='ocrx_word' id='word_1_5' title='bbox 1102 1327 1310 1395; x_wconf 77' lang='grc' dir='ltr'>ἐλθὼν,</span> <span class='ocrx_word' id='word_1_6' title='bbox 1374 1326 1731 1405; x_wconf 78' lang='grc' dir='ltr'>ἐπαγόμενος</span> <span class='ocrx_word' id='word_1_7' title='bbox 1792 1325 1885 1387; x_wconf 89' lang='grc' dir='ltr'>καὶ</span> <span class='ocrx_word' id='word_1_8' title='bbox 1934 1323 2217 1401; x_wconf 84' lang='grc' dir='ltr'>Μήδειαν,</span> 
     </span>
     <span class='ocr_line' id='line_1_3' title="bbox 254 1408 2223 1491; baseline 0.001 -21"><span class='ocrx_word' id='word_1_9' title='bbox 254 1412 529 1491; x_wconf 76' lang='grc' dir='ltr'>ἐγγυᾶται</span> <span class='ocrx_word' id='word_1_10' title='bbox 579 1412 684 1488; x_wconf 84' lang='grc' dir='ltr'>τὴν</span> <span class='ocrx_word' id='word_1_11' title='bbox 728 1409 1013 1490; x_wconf 81' lang='grc' dir='ltr'>Κρέοντος</span> <span class='ocrx_word' id='word_1_12' title='bbox 1063 1415 1166 1472; x_wconf 90' lang='grc' dir='ltr'>τοῦ</span> <span class='ocrx_word' id='word_1_13' title='bbox 1219 1411 1544 1489; x_wconf 80' lang='grc' dir='ltr'>Κορινθίων</span> <span class='ocrx_word' id='word_1_14' title='bbox 1586 1408 1888 1485; x_wconf 88' lang='grc' dir='ltr'>βασιλέως</span> <span class='ocrx_word' id='word_1_15' title='bbox 1938 1408 2223 1490; x_wconf 79' lang='grc' dir='ltr'>θυγατέρα</span> 
     </span>
     <span class='ocr_line' id='line_1_4' title="bbox 253 1491 2224 1577; baseline 0.001 -21"><span class='ocrx_word' id='word_1_16' title='bbox 253 1497 520 1572; x_wconf 80' lang='grc' dir='ltr'>Γλαύκην</span> <span class='ocrx_word' id='word_1_17' title='bbox 548 1497 690 1575; x_wconf 86' lang='grc' dir='ltr'>πρὸς</span> <span class='ocrx_word' id='word_1_18' title='bbox 718 1494 922 1577; x_wconf 84' lang='grc' dir='ltr'>γάμον.</span> <span class='ocrx_word' id='word_1_19' title='bbox 1012 1492 1321 1573; x_wconf 86' lang='grc' dir='ltr'>μέλλουσα</span> <span class='ocrx_word' id='word_1_20' title='bbox 1359 1498 1423 1558; x_wconf 77' lang='grc' dir='ltr'>δὲ</span> <span class='ocrx_word' id='word_1_21' title='bbox 1458 1493 1496 1570; x_wconf 85' lang='grc' dir='ltr'>ἡ</span> <span class='ocrx_word' id='word_1_22' title='bbox 1527 1491 1760 1569; x_wconf 85' lang='grc' dir='ltr'>Μήδεια</span> <span class='ocrx_word' id='word_1_23' title='bbox 1789 1493 2224 1574; x_wconf 89' lang='grc' dir='ltr'>φυγαδεύεσθαι</span> 
     </span>
     <span class='ocr_line' id='line_1_5' title="bbox 250 1576 2225 1660; baseline 0.001 -18"><span class='ocrx_word' id='word_1_24' title='bbox 250 1580 365 1642; x_wconf 82' lang='grc' dir='ltr'>ὑπὸ</span> <span class='ocrx_word' id='word_1_25' title='bbox 411 1578 700 1660; x_wconf 88' lang='grc' dir='ltr'>Κρέοντος</span> <span class='ocrx_word' id='word_1_26' title='bbox 749 1581 812 1642; x_wconf 81' lang='grc' dir='ltr'>ἑκ</span> <span class='ocrx_word' id='word_1_27' title='bbox 856 1605 960 1657; x_wconf 88' lang='grc' dir='ltr'>της</span> <span class='ocrx_word' id='word_1_28' title='bbox 1006 1582 1316 1659; x_wconf 84' lang='grc' dir='ltr'>Κορίνθου,</span> <span class='ocrx_word' id='word_1_29' title='bbox 1368 1576 1844 1658; x_wconf 84' lang='grc' dir='ltr'>παραιτησαμένη</span> <span class='ocrx_word' id='word_1_30' title='bbox 1892 1579 2035 1658; x_wconf 84' lang='grc' dir='ltr'>πρὸς</span> <span class='ocrx_word' id='word_1_31' title='bbox 2083 1581 2225 1658; x_wconf 90' lang='grc' dir='ltr'>μίαν</span> 
     </span>
     <span class='ocr_line' id='line_1_6' title="bbox 249 1662 2222 1746; baseline 0.003 -23"><span class='ocrx_word' id='word_1_32' title='bbox 249 1662 468 1743; x_wconf 84' lang='grc' dir='ltr'>ἡμέραν</span> <span class='ocrx_word' id='word_1_33' title='bbox 509 1670 719 1744; x_wconf 84' lang='grc' dir='ltr'>μεῖναι,</span> <span class='ocrx_word' id='word_1_34' title='bbox 772 1666 891 1727; x_wconf 85' lang='grc' dir='ltr'>καὶ</span> <span class='ocrx_word' id='word_1_35' title='bbox 912 1669 1193 1746; x_wconf 84' lang='grc' dir='ltr'>τυχοῦσα,</span> <span class='ocrx_word' id='word_1_36' title='bbox 1226 1663 1443 1743; x_wconf 85' lang='grc' dir='ltr'>μισθὸν</span> <span class='ocrx_word' id='word_1_37' title='bbox 1490 1666 1592 1741; x_wconf 86' lang='grc' dir='ltr'>τῆς</span> <span class='ocrx_word' id='word_1_38' title='bbox 1634 1662 1872 1746; x_wconf 93' lang='grc' dir='ltr'>χάριτος</span> <span class='ocrx_word' id='word_1_39' title='bbox 1923 1667 2078 1743; x_wconf 82' lang='grc' dir='ltr'>δῶρα</span> <span class='ocrx_word' id='word_1_40' title='bbox 2128 1668 2222 1728; x_wconf 79' lang='grc' dir='ltr'>διὰ</span> 
     </span>
     <span class='ocr_line' id='line_1_7' title="bbox 250 1747 2216 1836; baseline 0.001 -26"><span class='ocrx_word' id='word_1_41' title='bbox 250 1754 366 1811; x_wconf 81' lang='grc' dir='ltr'>τῶν</span> <span class='ocrx_word' id='word_1_42' title='bbox 394 1752 614 1813; x_wconf 83' lang='grc' dir='ltr'>παίδων</span> <span class='ocrx_word' id='word_1_43' title='bbox 643 1749 856 1829; x_wconf 81' lang='grc' dir='ltr'>πέμπει</span> <span class='ocrx_word' id='word_1_44' title='bbox 885 1753 954 1836; x_wconf 89' lang='grc' dir='ltr'>τῆ</span> <span class='ocrx_word' id='word_1_45' title='bbox 975 1752 1208 1835; x_wconf 85' lang='grc' dir='ltr'>Γλαύκῃ</span> <span class='ocrx_word' id='word_1_46' title='bbox 1241 1751 1460 1826; x_wconf 79' lang='grc' dir='ltr'>ἐσθῆτα</span> <span class='ocrx_word' id='word_1_47' title='bbox 1489 1750 1583 1811; x_wconf 89' lang='grc' dir='ltr'>καὶ</span> <span class='ocrx_word' id='word_1_48' title='bbox 1612 1752 1871 1831; x_wconf 84' lang='grc' dir='ltr'>χρυσοῦν</span> <span class='ocrx_word' id='word_1_49' title='bbox 1901 1747 2216 1831; x_wconf 81' lang='grc' dir='ltr'>στέφανον,</span> 
     </span>
     <span class='ocr_line' id='line_1_8' title="bbox 252 1813 2218 1919; baseline 0.002 -24"><span class='ocrx_word' id='word_1_50' title='bbox 252 1834 337 1898; x_wconf 81' lang='grc' dir='ltr'>οἶς</span> <span class='ocrx_word' id='word_1_51' title='bbox 381 1836 569 1912; x_wconf 80' lang='grc' dir='ltr'>ἐκείνη</span> <span class='ocrx_word' id='word_1_52' title='bbox 613 1813 954 1919; x_wconf 88' lang='grc' dir='ltr'>χρησαμένη</span> <span class='ocrx_word' id='word_1_53' title='bbox 999 1816 1424 1915; x_wconf 82' lang='grc' dir='ltr'>διαφθείρεται·</span> <span class='ocrx_word' id='word_1_54' title='bbox 1483 1835 1576 1897; x_wconf 90' lang='grc' dir='ltr'>καὶ</span> <span class='ocrx_word' id='word_1_55' title='bbox 1621 1836 1654 1896; x_wconf 99' lang='lat'>6</span> <span class='ocrx_word' id='word_1_56' title='bbox 1707 1833 1910 1912; x_wconf 86' lang='grc' dir='ltr'>Κρέων</span> <span class='ocrx_word' id='word_1_57' title='bbox 1952 1835 2017 1895; x_wconf 79' lang='grc' dir='ltr'>δὲ</span> <span class='ocrx_word' id='word_1_58' title='bbox 2058 1858 2218 1914; x_wconf 86' lang='grc' dir='ltr'>περι·</span> 
     </span>
     <span class='ocr_line' id='line_1_9' title="bbox 251 1917 2223 2005; baseline 0.003 -26"><span class='ocrx_word' id='word_1_59' title='bbox 251 1921 491 1984; x_wconf 82' lang='grc' dir='ltr'>πλακεὶς</span> <span class='ocrx_word' id='word_1_60' title='bbox 534 1922 605 2005; x_wconf 82' lang='grc' dir='ltr'>τῇ</span> <span class='ocrx_word' id='word_1_61' title='bbox 668 1923 908 2001; x_wconf 89' lang='grc' dir='ltr'>θυγατρὶ</span> <span class='ocrx_word' id='word_1_62' title='bbox 966 1921 1314 1983; x_wconf 81' lang='grc' dir='ltr'>ἀπόλλυται.</span> <span class='ocrx_word' id='word_1_63' title='bbox 1408 1917 1643 1996; x_wconf 88' lang='grc' dir='ltr'>Μήδεια</span> <span class='ocrx_word' id='word_1_64' title='bbox 1701 1922 1766 1982; x_wconf 76' lang='grc' dir='ltr'>δὲ</span> <span class='ocrx_word' id='word_1_65' title='bbox 1822 1918 1956 1983; x_wconf 80' lang='grc' dir='ltr'>τοὺς</span> <span class='ocrx_word' id='word_1_66' title='bbox 2016 1919 2223 1998; x_wconf 78' lang='grc' dir='ltr'>ἑαυτῆς</span> 
     </span>
     <span class='ocr_line' id='line_1_10' title="bbox 250 1982 2222 2085; baseline 0.001 -21"><span class='ocrx_word' id='word_1_67' title='bbox 250 2007 458 2067; x_wconf 90' lang='grc' dir='ltr'>παῖδας</span> <span class='ocrx_word' id='word_1_68' title='bbox 517 1982 912 2068; x_wconf 80' lang='grc' dir='ltr'>ἀποκτείνασα</span> <span class='ocrx_word' id='word_1_69' title='bbox 969 2004 1067 2085; x_wconf 77' lang='grc' dir='ltr'>ἐφ’</span> <span class='ocrx_word' id='word_1_70' title='bbox 1121 2003 1374 2085; x_wconf 81' lang='grc' dir='ltr'>ἅρματος</span> <span class='ocrx_word' id='word_1_71' title='bbox 1424 2006 1752 2084; x_wconf 88' lang='grc' dir='ltr'>δρακόντων</span> <span class='ocrx_word' id='word_1_72' title='bbox 1801 2008 2128 2083; x_wconf 80' lang='grc' dir='ltr'>πτερωτῶν,</span> <span class='ocrx_word' id='word_1_73' title='bbox 2190 2004 2222 2066; x_wconf 83' lang='grc' dir='ltr'><strong><em>ὃ</em></strong></span> 
     </span>
     <span class='ocr_line' id='line_1_11' title="bbox 252 2085 2223 2170; baseline 0.002 -22"><span class='ocrx_word' id='word_1_74' title='bbox 252 2088 392 2164; x_wconf 75' lang='grc' dir='ltr'>παρ’</span> <span class='ocrx_word' id='word_1_75' title='bbox 448 2085 665 2151; x_wconf 77' lang='grc' dir='ltr'>Ἠλίου</span> <span class='ocrx_word' id='word_1_76' title='bbox 722 2089 1003 2167; x_wconf 84' lang='grc' dir='ltr'>ἔλαβεν,</span> <span class='ocrx_word' id='word_1_77' title='bbox 1032 2090 1249 2170; x_wconf 80' lang='grc' dir='ltr'>ἔποχος</span> <span class='ocrx_word' id='word_1_78' title='bbox 1313 2088 1596 2167; x_wconf 83' lang='grc' dir='ltr'>γενομένη</span> <span class='ocrx_word' id='word_1_79' title='bbox 1666 2086 2081 2168; x_wconf 80' lang='grc' dir='ltr'>ἀποδιδράσκει</span> <span class='ocrx_word' id='word_1_80' title='bbox 2138 2090 2223 2152; x_wconf 83' lang='grc' dir='ltr'>εἰς</span> 
     </span>
     <span class='ocr_line' id='line_1_12' title="bbox 249 2169 2220 2280; baseline 0.002 -47.032"><span class='ocrx_word' id='word_1_81' title='bbox 249 2169 523 2249; x_wconf 87' lang='grc' dir='ltr'>Ἀθήνας,</span> <span class='ocrx_word' id='word_1_82' title='bbox 555 2172 790 2236; x_wconf 86' lang='grc' dir='ltr'>κᾶκεῖσε</span> <span class='ocrx_word' id='word_1_83' title='bbox 829 2174 1006 2251; x_wconf 83' lang='grc' dir='ltr'>Αἰγεῖ</span> <span class='ocrx_word' id='word_1_84' title='bbox 1042 2175 1122 2256; x_wconf 73' lang='grc' dir='ltr'>τῷ</span> <span class='ocrx_word' id='word_1_85' title='bbox 1154 2174 1481 2236; x_wconf 89' lang='grc' dir='ltr'>Πανδίονος</span> <span class='ocrx_word' id='word_1_86' title='bbox 1508 2177 1802 2250; x_wconf 82' lang='grc' dir='ltr'>γαμεῖται.</span> <span class='ocrx_word' id='word_1_87' title='bbox 1893 2172 2220 2280; x_wconf 89' lang='grc' dir='ltr'>Φερεκύδης</span> 
     </span>
     <span class='ocr_line' id='line_1_13' title="bbox 248 2253 2221 2338; baseline -0.001 -20"><span class='ocrx_word' id='word_1_88' title='bbox 248 2258 315 2318; x_wconf 79' lang='grc' dir='ltr'>δὲ</span> <span class='ocrx_word' id='word_1_89' title='bbox 344 2257 438 2318; x_wconf 89' lang='grc' dir='ltr'>καὶ</span> <span class='ocrx_word' id='word_1_90' title='bbox 468 2260 790 2334; x_wconf 89' lang='grc' dir='ltr'>Σιμωνίδης</span> <span class='ocrx_word' id='word_1_91' title='bbox 821 2257 1008 2338; x_wconf 86' lang='grc' dir='ltr'>φασὶν</span> <span class='ocrx_word' id='word_1_92' title='bbox 1037 2258 1115 2323; x_wconf 83' lang='grc' dir='ltr'>ὦς</span> <span class='ocrx_word' id='word_1_93' title='bbox 1141 2257 1176 2333; x_wconf 82' lang='grc' dir='ltr'>ἡ</span> <span class='ocrx_word' id='word_1_94' title='bbox 1209 2255 1444 2332; x_wconf 88' lang='grc' dir='ltr'>Μήδεια</span> <span class='ocrx_word' id='word_1_95' title='bbox 1473 2254 1831 2336; x_wconf 85' lang='grc' dir='ltr'>ἆνεψήσασα</span> <span class='ocrx_word' id='word_1_96' title='bbox 1860 2257 1961 2318; x_wconf 85' lang='grc' dir='ltr'>τὸν</span> <span class='ocrx_word' id='word_1_97' title='bbox 1980 2253 2221 2319; x_wconf 90' lang='grc' dir='ltr'>Ἰάσονα</span> 
     </span>
     <span class='ocr_line' id='line_1_14' title="bbox 250 2339 2222 2421; baseline 0.002 -19"><span class='ocrx_word' id='word_1_98' title='bbox 250 2340 384 2403; x_wconf 85' lang='grc' dir='ltr'>νέον</span> <span class='ocrx_word' id='word_1_99' title='bbox 429 2339 716 2418; x_wconf 89' lang='grc' dir='ltr'>ποιήσειε.</span> <span class='ocrx_word' id='word_1_100' title='bbox 805 2342 935 2421; x_wconf 85' lang='grc' dir='ltr'>περὶ</span> <span class='ocrx_word' id='word_1_101' title='bbox 983 2342 1047 2403; x_wconf 92' lang='grc' dir='ltr'>δε</span> <span class='ocrx_word' id='word_1_102' title='bbox 1092 2346 1194 2404; x_wconf 88' lang='grc' dir='ltr'>τοῦ</span> <span class='ocrx_word' id='word_1_103' title='bbox 1244 2340 1462 2421; x_wconf 85' lang='grc' dir='ltr'>πατρὸς</span> <span class='ocrx_word' id='word_1_104' title='bbox 1508 2342 1684 2404; x_wconf 82' lang='grc' dir='ltr'>αὑτοῦ</span> <span class='ocrx_word' id='word_1_105' title='bbox 1714 2342 1965 2405; x_wconf 81' lang='grc' dir='ltr'>Αἴσονος</span> <span class='ocrx_word' id='word_1_106' title='bbox 2011 2341 2043 2401; x_wconf 89' lang='lat'>6</span> <span class='ocrx_word' id='word_1_107' title='bbox 2086 2342 2222 2406; x_wconf 84' lang='grc' dir='ltr'>τοὺς</span> 
     </span>
     <span class='ocr_line' id='line_1_15' title="bbox 250 2424 1247 2505; baseline 0.005 -18"><span class='ocrx_word' id='word_1_108' title='bbox 250 2428 521 2492; x_wconf 85' lang='grc' dir='ltr'>Νόστους</span> <span class='ocrx_word' id='word_1_109' title='bbox 551 2424 802 2502; x_wconf 88' lang='grc' dir='ltr'>ποιήσας</span> <span class='ocrx_word' id='word_1_110' title='bbox 832 2428 1019 2505; x_wconf 88' lang='grc' dir='ltr'>φησὶν</span> <span class='ocrx_word' id='word_1_111' title='bbox 1048 2429 1247 2492; x_wconf 80' lang='grc' dir='ltr'>οὕτως.</span> 
     </span>
    </p>
   </div>
   <div class='ocr_carea' id='block_1_3' title="bbox 457 2543 1981 2793">
    <p class='ocr_par' dir='ltr' id='par_1_3' title="bbox 457 2543 1964 2793">
     <span class='ocr_line' id='line_1_16' title="bbox 462 2543 1930 2625; baseline 0.002 -19"><span class='ocrx_word' id='word_1_112' title='bbox 462 2543 683 2606; x_wconf 76' lang='grc' dir='ltr'>Αὐτίκα</span> <span class='ocrx_word' id='word_1_113' title='bbox 711 2546 765 2606; x_wconf 77' lang='grc' dir='ltr'>δ’</span> <span class='ocrx_word' id='word_1_114' title='bbox 798 2546 1026 2608; x_wconf 83' lang='grc' dir='ltr'>Αἴσονα</span> <span class='ocrx_word' id='word_1_115' title='bbox 1056 2547 1195 2621; x_wconf 89' lang='grc' dir='ltr'>θῆκε</span> <span class='ocrx_word' id='word_1_116' title='bbox 1224 2547 1405 2624; x_wconf 88' lang='grc' dir='ltr'>φίλον</span> <span class='ocrx_word' id='word_1_117' title='bbox 1436 2545 1608 2625; x_wconf 88' lang='grc' dir='ltr'>κόρον</span> <span class='ocrx_word' id='word_1_118' title='bbox 1635 2545 1930 2623; x_wconf 79' lang='grc' dir='ltr'>ἡβώοντα,</span> 
     </span>
     <span class='ocr_line' id='line_1_17' title="bbox 457 2626 1663 2713; baseline 0.001 -23"><span class='ocrx_word' id='word_1_119' title='bbox 457 2631 638 2707; x_wconf 85' lang='grc' dir='ltr'>γῆρας</span> <span class='ocrx_word' id='word_1_120' title='bbox 661 2626 1013 2705; x_wconf 76' lang='grc' dir='ltr'>ἆποξύσασα</span> <span class='ocrx_word' id='word_1_121' title='bbox 1043 2631 1257 2713; x_wconf 79' lang='grc' dir='ltr'>ἰδυίῃσι</span> <span class='ocrx_word' id='word_1_122' title='bbox 1286 2631 1663 2707; x_wconf 84' lang='grc' dir='ltr'>πραπίδεσσι,</span> 
     </span>
     <span class='ocr_line' id='line_1_18' title="bbox 461 2691 1981 2793; baseline 0.003 -21"><span class='ocrx_word' id='word_1_123' title='bbox 461 2710 738 2791; x_wconf 90' lang='grc' dir='ltr'>φάρμακα</span> <span class='ocrx_word' id='word_1_124' title='bbox 764 2713 944 2774; x_wconf 82' lang='grc' dir='ltr'>πόλλ’</span> <span class='ocrx_word' id='word_1_125' title='bbox 976 2691 1191 2791; x_wconf 64' lang='grc' dir='ltr'>ἕψουό)</span> <span class='ocrx_word' id='word_1_126' title='bbox 1224 2712 1319 2775; x_wconf 72' lang='grc' dir='ltr'>ἐπὶ</span> <span class='ocrx_word' id='word_1_127' title='bbox 1348 2714 1679 2793; x_wconf 89' lang='grc' dir='ltr'>χρυσείοισι</span> <span class='ocrx_word' id='word_1_128' title='bbox 1707 2713 1981 2792; x_wconf 87' lang='grc' dir='ltr'>λέβησιν.</span> 
     </span>
    </p>
   </div>
   <div class='ocr_carea' id='block_1_4' title="bbox 244 2836 2220 3683">
    <p class='ocr_par' dir='ltr' id='par_1_4' title="bbox 245 2836 2220 3429">
     <span class='ocr_line' id='line_1_19' title="bbox 247 2836 2220 2919; baseline 0.003 -20"><span class='ocrx_word' id='word_1_129' title='bbox 247 2836 555 2917; x_wconf 80' lang='grc' dir='ltr'>Αἰσχύλος</span> <span class='ocrx_word' id='word_1_130' title='bbox 602 2836 653 2897; x_wconf 75' lang='grc' dir='ltr'>δ’</span> <span class='ocrx_word' id='word_1_131' title='bbox 699 2838 762 2898; x_wconf 77' lang='grc' dir='ltr'>ἐν</span> <span class='ocrx_word' id='word_1_132' title='bbox 804 2841 931 2902; x_wconf 89' lang='grc' dir='ltr'>ταῖς</span> <span class='ocrx_word' id='word_1_133' title='bbox 978 2837 1273 2899; x_wconf 89' lang='grc' dir='ltr'>Διονύσου</span> <span class='ocrx_word' id='word_1_134' title='bbox 1313 2842 1576 2916; x_wconf 90' lang='grc' dir='ltr'>Τροφοῖς</span> <span class='ocrx_word' id='word_1_135' title='bbox 1623 2839 1848 2919; x_wconf 80' lang='grc' dir='ltr'>ἱστορεῖ</span> <span class='ocrx_word' id='word_1_136' title='bbox 1873 2838 1964 2900; x_wconf 85' lang='grc' dir='ltr'>ὅτι</span> <span class='ocrx_word' id='word_1_137' title='bbox 1995 2839 2087 2900; x_wconf 87' lang='grc' dir='ltr'>καὶ</span> <span class='ocrx_word' id='word_1_138' title='bbox 2116 2842 2220 2905; x_wconf 76' lang='grc' dir='ltr'>τὰς</span> 
     </span>
     <span class='ocr_line' id='line_1_20' title="bbox 252 2920 2220 3002; baseline 0.003 -21"><span class='ocrx_word' id='word_1_139' title='bbox 252 2920 544 2984; x_wconf 81' lang='grc' dir='ltr'>Διονύσου</span> <span class='ocrx_word' id='word_1_140' title='bbox 611 2921 866 3001; x_wconf 86' lang='grc' dir='ltr'>τροφοὺς</span> <span class='ocrx_word' id='word_1_141' title='bbox 931 2923 1078 2999; x_wconf 79' lang='grc' dir='ltr'>μετὰ</span> <span class='ocrx_word' id='word_1_142' title='bbox 1142 2926 1262 2983; x_wconf 81' lang='grc' dir='ltr'>τῶν</span> <span class='ocrx_word' id='word_1_143' title='bbox 1327 2921 1550 3000; x_wconf 79' lang='grc' dir='ltr'>ἀνδρῶν</span> <span class='ocrx_word' id='word_1_144' title='bbox 1617 2921 1806 2986; x_wconf 79' lang='grc' dir='ltr'>αὐτῶν</span> <span class='ocrx_word' id='word_1_145' title='bbox 1861 2922 2220 3002; x_wconf 77' lang='grc' dir='ltr'>ἆνεψήσασα</span> 
     </span>
     <span class='ocr_line' id='line_1_21' title="bbox 247 3004 2220 3087; baseline 0.001 -20"><span class='ocrx_word' id='word_1_146' title='bbox 247 3008 608 3082; x_wconf 79' lang='grc' dir='ltr'>ἐνεοποίησε.</span> <span class='ocrx_word' id='word_1_147' title='bbox 690 3004 1002 3087; x_wconf 88' lang='grc' dir='ltr'>Στάφυλος</span> <span class='ocrx_word' id='word_1_148' title='bbox 1033 3004 1097 3067; x_wconf 95' lang='grc' dir='ltr'>δέ</span> <span class='ocrx_word' id='word_1_149' title='bbox 1125 3013 1279 3086; x_wconf 89' lang='grc' dir='ltr'>φησι</span> <span class='ocrx_word' id='word_1_150' title='bbox 1305 3005 1408 3070; x_wconf 86' lang='grc' dir='ltr'>τὸν</span> <span class='ocrx_word' id='word_1_151' title='bbox 1435 3004 1678 3069; x_wconf 84' lang='grc' dir='ltr'>Ἰάσονα</span> <span class='ocrx_word' id='word_1_152' title='bbox 1705 3007 1922 3086; x_wconf 87' lang='grc' dir='ltr'>τρόπον</span> <span class='ocrx_word' id='word_1_153' title='bbox 1948 3009 2079 3070; x_wconf 79' lang='grc' dir='ltr'>τινὰ</span> <span class='ocrx_word' id='word_1_154' title='bbox 2105 3008 2220 3070; x_wconf 86' lang='grc' dir='ltr'>ὑπὸ</span> 
     </span>
     <span class='ocr_line' id='line_1_22' title="bbox 246 3090 2218 3200; baseline -0.001 -45"><span class='ocrx_word' id='word_1_155' title='bbox 246 3093 347 3167; x_wconf 87' lang='grc' dir='ltr'>τῆς</span> <span class='ocrx_word' id='word_1_156' title='bbox 391 3094 652 3168; x_wconf 90' lang='grc' dir='ltr'>Μηδείας</span> <span class='ocrx_word' id='word_1_157' title='bbox 699 3092 1090 3200; x_wconf 58' lang='grc' dir='ltr'>ἀναιρεθῆναι·</span> <span class='ocrx_word' id='word_1_158' title='bbox 1148 3090 1614 3173; x_wconf 83' lang='grc' dir='ltr'>ἑγκελεύσασθαι</span> <span class='ocrx_word' id='word_1_159' title='bbox 1655 3116 1766 3171; x_wconf 89' lang='grc' dir='ltr'>γαρ</span> <span class='ocrx_word' id='word_1_160' title='bbox 1797 3091 1978 3170; x_wconf 79' lang='grc' dir='ltr'>αὐτὴν</span> <span class='ocrx_word' id='word_1_161' title='bbox 2005 3092 2118 3154; x_wconf 82' lang='grc' dir='ltr'>ὑπὸ</span> <span class='ocrx_word' id='word_1_162' title='bbox 2146 3094 2218 3178; x_wconf 81' lang='grc' dir='ltr'>τῇ</span> 
     </span>
     <span class='ocr_line' id='line_1_23' title="bbox 246 3174 2219 3259; baseline 0.003 -22"><span class='ocrx_word' id='word_1_163' title='bbox 246 3174 472 3259; x_wconf 84' lang='grc' dir='ltr'>πρύμνῃ</span> <span class='ocrx_word' id='word_1_164' title='bbox 522 3178 622 3252; x_wconf 82' lang='grc' dir='ltr'>τῆς</span> <span class='ocrx_word' id='word_1_165' title='bbox 649 3174 902 3256; x_wconf 81' lang='grc' dir='ltr'>Ἀργοῦς</span> <span class='ocrx_word' id='word_1_166' title='bbox 952 3174 1129 3238; x_wconf 84' lang='grc' dir='ltr'>αὐτὸν</span> <span class='ocrx_word' id='word_1_167' title='bbox 1175 3178 1687 3254; x_wconf 82' lang='grc' dir='ltr'>κατακοιμηθῆναι,</span> <span class='ocrx_word' id='word_1_168' title='bbox 1731 3178 2072 3254; x_wconf 87' lang='grc' dir='ltr'>μελλούσης</span> <span class='ocrx_word' id='word_1_169' title='bbox 2117 3183 2219 3254; x_wconf 90' lang='grc' dir='ltr'>τῆς</span> 
     </span>
     <span class='ocr_line' id='line_1_24' title="bbox 245 3259 2218 3341; baseline 0.004 -21"><span class='ocrx_word' id='word_1_170' title='bbox 245 3260 388 3323; x_wconf 89' lang='grc' dir='ltr'>νεως</span> <span class='ocrx_word' id='word_1_171' title='bbox 446 3262 791 3323; x_wconf 91' lang='grc' dir='ltr'>διαλύεσθαι</span> <span class='ocrx_word' id='word_1_172' title='bbox 847 3259 961 3324; x_wconf 84' lang='grc' dir='ltr'>ὑπὸ</span> <span class='ocrx_word' id='word_1_173' title='bbox 1017 3267 1121 3324; x_wconf 91' lang='grc' dir='ltr'>τοῦ</span> <span class='ocrx_word' id='word_1_174' title='bbox 1169 3260 1404 3341; x_wconf 91' lang='grc' dir='ltr'>χρόνου.</span> <span class='ocrx_word' id='word_1_175' title='bbox 1482 3260 1881 3338; x_wconf 79' lang='grc' dir='ltr'>ἐπιπεσούσης</span> <span class='ocrx_word' id='word_1_176' title='bbox 1925 3266 2070 3341; x_wconf 91' lang='grc' dir='ltr'>γοῦν</span> <span class='ocrx_word' id='word_1_177' title='bbox 2115 3264 2218 3339; x_wconf 84' lang='grc' dir='ltr'>τῆς</span> 
     </span>
     <span class='ocr_line' id='line_1_25' title="bbox 247 3343 1472 3429; baseline 0.002 -25"><span class='ocrx_word' id='word_1_178' title='bbox 247 3344 505 3422; x_wconf 89' lang='grc' dir='ltr'>πρύμνης</span> <span class='ocrx_word' id='word_1_179' title='bbox 533 3344 614 3429; x_wconf 67' lang='grc' dir='ltr'>τῷ</span> <span class='ocrx_word' id='word_1_180' title='bbox 643 3343 866 3408; x_wconf 92' lang='grc' dir='ltr'>Ἰάσονι</span> <span class='ocrx_word' id='word_1_181' title='bbox 895 3348 1242 3422; x_wconf 83' lang='grc' dir='ltr'>τελευτῆσαι</span> <span class='ocrx_word' id='word_1_182' title='bbox 1273 3344 1472 3408; x_wconf 78' lang='grc' dir='ltr'>αὐτόν.</span> 
     </span>
    </p>

    <p class='ocr_par' dir='ltr' id='par_1_5' title="bbox 244 3426 2217 3679">
     <span class='ocr_line' id='line_1_26' title="bbox 328 3426 2212 3511; baseline 0.005 -24"><span class='ocrx_word' id='word_1_183' title='bbox 328 3426 413 3488; x_wconf 83' lang='grc' dir='ltr'>Τὸ</span> <span class='ocrx_word' id='word_1_184' title='bbox 457 3430 643 3506; x_wconf 78' lang='grc' dir='ltr'>δρᾶμα</span> <span class='ocrx_word' id='word_1_185' title='bbox 685 3435 846 3492; x_wconf 87' lang='grc' dir='ltr'>δοκεῖ</span> <span class='ocrx_word' id='word_1_186' title='bbox 883 3428 1294 3508; x_wconf 89' lang='grc' dir='ltr'>ὑποβαλέσθαι</span> <span class='ocrx_word' id='word_1_187' title='bbox 1329 3431 1403 3492; x_wconf 77' lang='grc' dir='ltr'>τὰ</span> <span class='ocrx_word' id='word_1_188' title='bbox 1430 3429 1776 3511; x_wconf 82' lang='grc' dir='ltr'>Νεόφρονος</span> <span class='ocrx_word' id='word_1_189' title='bbox 1805 3429 2212 3503; x_wconf 82' lang='grc' dir='ltr'>διασκευάσας,</span> 
     </span>
     <span class='ocr_line' id='line_1_27' title="bbox 245 3510 2216 3596; baseline 0.004 -23"><span class='ocrx_word' id='word_1_190' title='bbox 245 3510 323 3577; x_wconf 82' lang='grc' dir='ltr'>ὦς</span> <span class='ocrx_word' id='word_1_191' title='bbox 354 3513 712 3594; x_wconf 87' lang='grc' dir='ltr'>Δικαίαρχός</span> <span class='ocrx_word' id='word_1_192' title='bbox 740 3539 806 3576; x_wconf 93' lang='grc' dir='ltr'>τε</span> <span class='ocrx_word' id='word_1_193' title='bbox 844 3515 975 3596; x_wconf 85' lang='grc' dir='ltr'>περὶ</span> <span class='ocrx_word' id='word_1_194' title='bbox 1018 3519 1121 3577; x_wconf 91' lang='grc' dir='ltr'>τοῦ</span> <span class='ocrx_word' id='word_1_195' title='bbox 1148 3512 1442 3580; x_wconf 88' lang='grc' dir='ltr'>Ἑλλάδος</span> <span class='ocrx_word' id='word_1_196' title='bbox 1488 3517 1628 3594; x_wconf 89' lang='grc' dir='ltr'>βίου</span> <span class='ocrx_word' id='word_1_197' title='bbox 1675 3515 1769 3576; x_wconf 87' lang='grc' dir='ltr'>καὶ</span> <span class='ocrx_word' id='word_1_198' title='bbox 1796 3512 2216 3595; x_wconf 84' lang='grc' dir='ltr'>Ἀριστοτέλης</span> 
     </span>
     <span class='ocr_line' id='line_1_28' title="bbox 244 3595 2217 3683; baseline 0.002 -25"><span class='ocrx_word' id='word_1_199' title='bbox 244 3597 369 3659; x_wconf 67' lang='grc' dir='ltr'>ἐν“</span> <span class='ocrx_word' id='word_1_200' title='bbox 337 3595 731 3675; x_wconf 73' lang='grc' dir='ltr'>ὑπομνήμασι.</span> <span class='ocrx_word' id='word_1_201' title='bbox 820 3599 1147 3679; x_wconf 88' lang='grc' dir='ltr'>μέμφονται</span> <span class='ocrx_word' id='word_1_202' title='bbox 1186 3603 1252 3663; x_wconf 78' lang='grc' dir='ltr'>δὲ</span> <span class='ocrx_word' id='word_1_203' title='bbox 1290 3600 1441 3683; x_wconf 84' lang='grc' dir='ltr'>αὗτω</span> <span class='ocrx_word' id='word_1_204' title='bbox 1473 3601 1541 3663; x_wconf 85' lang='grc' dir='ltr'>τὸ</span> <span class='ocrx_word' id='word_1_205' title='bbox 1568 3598 1648 3678; x_wconf 79' lang='grc' dir='ltr'>μὴ</span> <span class='ocrx_word' id='word_1_206' title='bbox 1678 3596 1985 3676; x_wconf 89' lang='grc' dir='ltr'>πεφυλακέ</span> <span class='ocrx_word' id='word_1_207' title='bbox 1985 3623 2081 3662; x_wconf 92' lang='grc' dir='ltr'>ναι</span> <span class='ocrx_word' id='word_1_208' title='bbox 2109 3599 2217 3676; x_wconf 86' lang='grc' dir='ltr'>την</span> 
     </span>
    </p>
   </div>
   <div class='ocr_carea' id='block_1_5' title="bbox 243 3682 2207 3817">
    <p class='ocr_par' dir='ltr' id='par_1_6' title="bbox 243 3682 2207 3817">
     <span class='ocr_line' id='line_1_29' title="bbox 243 3682 2207 3817; baseline 0.001 -71"><span class='ocrx_word' id='word_1_209' title='bbox 243 3683 552 3764; x_wconf 88' lang='grc' dir='ltr'>ὑπόκρισιν</span> <span class='ocrx_word' id='word_1_210' title='bbox 579 3682 650 3768; x_wconf 80' lang='grc' dir='ltr'>τῇ</span> <span class='ocrx_word' id='word_1_211' title='bbox 683 3687 932 3765; x_wconf 86' lang='grc' dir='ltr'>Μηδεία,</span> <span class='ocrx_word' id='word_1_212' title='bbox 968 3685 1127 3747; x_wconf 77' lang='grc' dir='ltr'>ἀλλὰ</span> <span class='ocrx_word' id='word_1_213' title='bbox 1162 3690 1366 3750; x_wconf 90' lang='grc' dir='ltr'>πεσεῖν</span> <span class='ocrx_word' id='word_1_214' title='bbox 1411 3685 1494 3749; x_wconf 81' lang='grc' dir='ltr'>εἷς</span> <span class='ocrx_word' id='word_1_215' title='bbox 1538 3682 1772 3764; x_wconf 83' lang='grc' dir='ltr'>δάκρυα,</span> <span class='ocrx_word' id='word_1_216' title='bbox 1821 3683 2207 3817; x_wconf 56' lang='grc' dir='ltr'>ὄζεεέπεβού-</span> 
     </span>
    </p>
   </div>
  </div>
 </body>
</html>
