2492 4092
1097 324 1421 369 ΕΥΡΙΠΙΔΟΥ

439 458 575 519 ἀλλ’
609 458 887 538 ἀγγελίας
916 457 1104 539 βάρος
1134 458 1393 537 ἆραμένη

435 544 605 624 μέγα,
641 547 744 606 σοί
767 571 848 615 τε,
884 544 1072 625 γύναι,
1107 541 1289 622 κῆρυξ
1314 542 1529 625 ἀχέων.

440 632 503 693 ἐν
530 634 642 709 γὰρ
672 631 937 709 Ἀχαιῶν
965 627 1174 707 πλήρει
1199 626 1420 711 ξυνόδῳ

437 713 672 794 λέγεται
702 712 868 790 δόξαι
901 713 1011 791 σὴν
1039 714 1198 775 παῖδ’
1230 715 1476 794 Ἀχιλεῖ

438 798 703 879 σφάγιον
726 797 953 862 θέσθαι·
996 799 1223 876 τύμβου
1254 799 1304 860 δ’
1340 801 1551 875 ἐπιβὰς

439 882 590 947 οἶσθ’
625 886 723 947 ὅτε
751 883 1026 965 χρυσέοις
1055 883 1246 963 ἐφάνη
1280 883 1390 946 σὺν
1417 885 1645 963 ὅπλοις,

441 974 542 1034 τὰς
572 970 966 1051 ποντοπόρους
997 969 1049 1031 δ’
1082 967 1228 1050 ἔσχε
1259 969 1540 1049 σχεδίας,·

439 1055 627 1133 λαίφη
660 1055 965 1132 προτόνοις
997 1053 1463 1133 ἑπερειδομένας,

439 1138 576 1201 τάδε
609 1137 915 1216 θωΰσσων,

439 1229 544 1287 ποῖ
570 1223 658 1299 δὴ,
697 1225 938 1296 Δαναοὶ,
975 1222 1077 1287 τὸν
1106 1223 1246 1301 ε’μὸν
1275 1223 1504 1303 τύμβον

441 1308 754 1371 στέλλεσθ’
787 1307 1115 1389 ἀγέραστον
1143 1307 1394 1389 ἀφέντες
1420 1335 1436 1387 ;

443 1397 678 1470 πολλῆς
702 1393 747 1455 δ’
775 1394 964 1470 ἔριδος
995 1393 1309 1470 ξυνέπαισε
1342 1396 1588 1467 κλύδων,

442 1478 584 1555 δόξα
614 1481 666 1541 δ’
701 1480 910 1559 ἐχώρει
929 1480 1045 1559 δίχ’
1078 1477 1162 1541 ἀν’
1194 1477 1514 1554 Ἑλλήνων

440 1565 690 1641 στρατὸν
720 1562 1026 1645 αἰχμητὴν,
1064 1569 1187 1627 τοῖς
1215 1567 1325 1643 μὲν
1353 1565 1576 1628 διδόναι

438 1651 640 1730 τύμβῳ
672 1647 952 1728 σφάγιον,
986 1654 1108 1712 τοῖς
1137 1647 1185 1710 δ’
1219 1647 1352 1728 οὗχὶ
1384 1652 1609 1712 δοκοῦν.

440 1733 511 1810 ἦν
542 1736 604 1796 δὲ
634 1732 700 1796 τὸ
728 1734 836 1810 μὲν
867 1733 974 1795 σὸν
998 1734 1266 1796 σπεύδων
1296 1733 1518 1811 ἀγαθὸν

438 1820 540 1893 τῆς
568 1817 930 1895 μαντιπόλου
959 1815 1192 1900 βάκχης
1223 1815 1453 1897 ἀνέχων

439 1902 630 1979 λέκτρ’
665 1900 1065 1980 Ἀγαμέμνων·

440 1990 519 2048 τὼ
555 1988 822 2064 Θησείδα
852 1989 925 2057 δ’,
955 1987 1067 2063 ὄζω
1095 1989 1385 2064 Ἀθηνῶν,

441 2076 664 2135 δισσῶν
693 2074 890 2151 μύθων
918 2071 1154 2152 ῥήτορες
1183 2072 1357 2150 ἦσαν·

439 2159 638 2242 γνώμῃ
669 2160 734 2220 δὲ
759 2155 865 2239 μιᾷ
897 2157 1340 2239 ξυνεχωρείτην,

440 2241 543 2305 τὸν
572 2244 915 2324 Ἀχίλλειον
941 2243 1168 2322 τύμβον
1197 2247 1536 2323 στεφανοῦν

442 2329 640 2406 αἵματι
668 2331 902 2410 χλωρῷ,
933 2332 1006 2391 τὰ
1035 2332 1097 2391 δὲ
1126 2326 1480 2407 Κασάνδρας

440 2412 628 2492 λέκτρ’
663 2412 767 2479 οὒκ
796 2410 1023 2491 ἐφάτην
1042 2415 1145 2486 τῆς
1172 2409 1480 2491 Ἀχιλείας

439 2498 700 2576 πρόσθεν
729 2495 935 2572 θήσειν
961 2497 1102 2559 ποτὲ
1124 2494 1375 2576 λόγχης.

442 2582 691 2644 σπουδαὶ
721 2581 785 2642 δὲ
812 2583 1010 2660 λόγων
1040 2578 1534 2655 κατατεινομένων

440 2667 595 2743 ἦσαν
620 2668 747 2728 ἴσαι
775 2690 921 2741 πως,
953 2666 1090 2745 πρὶν
1120 2665 1152 2723 ὁ
1182 2665 1589 2742 ποικιλόφρων

446 2751 627 2823 κόπις,
660 2751 966 2829 ἡδυλόγος,
1001 2749 1435 2831 δημοχαριστὴς

440 2836 803 2916 Λαερτιάδης
823 2835 1013 2898 πείθει
1043 2835 1322 2914 στρατιὰν

441 2921 520 2998 μὴ
550 2921 654 2984 τὸν
683 2920 925 2998 ἄριστον
956 2923 1206 2980 Δαναῶν
1235 2917 1471 2982 πάντων

444 3007 670 3069 δούλων
701 3005 979 3084 σφαγίων
1009 3005 1198 3066 οὕνεκ’
1231 3004 1507 3074 ἀπωθεῖν,

441 3091 588 3168 μηδέ
614 3091 724 3152 τιν’
758 3091 945 3154 εἰπεῖν
987 3088 1144 3168 παρὰ
1172 3090 1531 3173 Περσεφόνῃ

440 3174 666 3238 στάντα
695 3173 994 3255 φθιμένων

444 3260 521 3325 ὥς
552 3261 863 3342 ἀχάριστοι
895 3257 1121 3324 Δαναοὶ
1153 3263 1412 3324 Δαναοῖς

444 3351 568 3410 τοῖς
598 3343 927 3426 οἰχομένοις
955 3346 1101 3424 ὑπὲρ
1128 3341 1444 3421 Ἑλλήνων

442 3431 659 3510 Τροίας
687 3429 903 3492 πεδίων
933 3428 1265 3506 ἀπέβησαν.

441 3513 570 3592 ἥξει
600 3516 653 3576 δ’
683 3515 975 3579 Ὀδυσεὺς
1005 3515 1151 3576 ὅσον
1181 3515 1285 3577 οὐκ
1307 3512 1438 3591 ἤδη,

444 3605 645 3662 πῶλον
674 3597 953 3679 ἆφέλξων
983 3604 1104 3662 σῶν
1135 3598 1252 3661 ἀπὸ
1280 3602 1543 3679 μαστῶν,

440 3683 508 3747 ἔκ
538 3709 604 3747 τε
633 3687 869 3765 γεραιᾶς
898 3682 1074 3765 χερὸς
1105 3683 1401 3765 ὁρμήσων.

2150 731 2245 778 ἰῖἲ)

2142 1155 2240 1205 315

2140 1580 2238 1628 120

2142 1999 2237 2046 125

2141 2424 2240 2473 130

2142 2848 2238 2898 335

2146 3271 2244 3318 1·ιο

2149 3692 2247 3741 145
