<?xml version="1.0" encoding="UTF-8"?>
<!DOCTYPE html PUBLIC "-//W3C//DTD XHTML 1.0 Transitional//EN"
    "http://www.w3.org/TR/xhtml1/DTD/xhtml1-transitional.dtd">
<html xmlns="http://www.w3.org/1999/xhtml" xml:lang="en" lang="en">
 <head>
  <title>
</title>
<meta http-equiv="Content-Type" content="text/html;charset=utf-8" />
  <meta name='ocr-system' content='tesseract 3.04.00' />
  <meta name='ocr-capabilities' content='ocr_page ocr_carea ocr_par ocr_line ocrx_word'/>
</head>
<body>
  <div class='ocr_page' id='page_1' title='image "./hecubaandmedeae00unkngoog_0014.png"; bbox 0 0 2492 4092; ppageno 0'>
   <div class='ocr_carea' id='block_1_1' title="bbox 1107 230 1430 281">
    <p class='ocr_par' dir='ltr' id='par_1_1' title="bbox 1107 230 1430 281">
     <span class='ocr_line' id='line_1_1' title="bbox 1107 230 1430 281; baseline 0.006 -11"><span class='ocrx_word' id='word_1_1' title='bbox 1107 230 1430 281; x_wconf 62' lang='grc' dir='ltr'><strong>ΕΥΡΙΠΙΔΟΥ</strong></span> 
     </span>
    </p>
   </div>
   <div class='ocr_carea' id='block_1_2' title="bbox 440 358 1933 1034">
    <p class='ocr_par' dir='ltr' id='par_1_2' title="bbox 440 358 1760 613">
     <span class='ocr_line' id='line_1_2' title="bbox 445 358 1753 464; baseline 0.002 -41"><span class='ocrx_word' id='word_1_2' title='bbox 445 361 657 425; x_wconf 81' lang='grc' dir='ltr'>κτείνει</span> <span class='ocrx_word' id='word_1_3' title='bbox 683 385 759 439; x_wconf 91' lang='grc' dir='ltr'>με</span> <span class='ocrx_word' id='word_1_4' title='bbox 787 363 1012 464; x_wconf 80' lang='grc' dir='ltr'>χρυσοῦ</span> <span class='ocrx_word' id='word_1_5' title='bbox 1042 358 1144 424; x_wconf 85' lang='grc' dir='ltr'>τὸν</span> <span class='ocrx_word' id='word_1_6' title='bbox 1171 363 1547 442; x_wconf 85' lang='grc' dir='ltr'>ταλαίπωρον</span> <span class='ocrx_word' id='word_1_7' title='bbox 1574 381 1753 443; x_wconf 78' lang='grc' dir='ltr'>χάριν</span> 
     </span>
     <span class='ocr_line' id='line_1_3' title="bbox 445 445 1760 529; baseline 0.003 -22"><span class='ocrx_word' id='word_1_8' title='bbox 445 445 610 524; x_wconf 82' lang='grc' dir='ltr'>ξένος</span> <span class='ocrx_word' id='word_1_9' title='bbox 637 447 924 529; x_wconf 75' lang='grc' dir='ltr'>πατρῷος,</span> <span class='ocrx_word' id='word_1_10' title='bbox 961 445 1054 507; x_wconf 87' lang='grc' dir='ltr'>καὶ</span> <span class='ocrx_word' id='word_1_11' title='bbox 1086 447 1310 507; x_wconf 79' lang='grc' dir='ltr'>κτανὼν</span> <span class='ocrx_word' id='word_1_12' title='bbox 1342 449 1402 510; x_wconf 78' lang='grc' dir='ltr'>ἐς</span> <span class='ocrx_word' id='word_1_13' title='bbox 1434 445 1587 524; x_wconf 83' lang='grc' dir='ltr'>οἶδμ’</span> <span class='ocrx_word' id='word_1_14' title='bbox 1614 446 1760 512; x_wconf 79' lang='grc' dir='ltr'>ἁλὸς</span> 
     </span>
     <span class='ocr_line' id='line_1_4' title="bbox 440 528 1716 616; baseline 0.002 -22"><span class='ocrx_word' id='word_1_15' title='bbox 440 531 677 612; x_wconf 84' lang='grc' dir='ltr'>μεθῆχ’,</span> <span class='ocrx_word' id='word_1_16' title='bbox 708 530 779 594; x_wconf 80' lang='grc' dir='ltr'>ἵν’</span> <span class='ocrx_word' id='word_1_17' title='bbox 812 530 985 595; x_wconf 85' lang='grc' dir='ltr'>αὐτὸς</span> <span class='ocrx_word' id='word_1_18' title='bbox 1012 528 1239 611; x_wconf 85' lang='grc' dir='ltr'>χρυσὸν</span> <span class='ocrx_word' id='word_1_19' title='bbox 1263 531 1327 593; x_wconf 84' lang='grc' dir='ltr'>ἐν</span> <span class='ocrx_word' id='word_1_20' title='bbox 1357 531 1556 609; x_wconf 89' lang='grc' dir='ltr'>δόμοις</span> <span class='ocrx_word' id='word_1_21' title='bbox 1587 533 1716 616; x_wconf 79' lang='grc' dir='ltr'>ἔχῃ.</span> 
     </span>
    </p>

    <p class='ocr_par' dir='ltr' id='par_1_3' title="bbox 442 613 1933 1034">
     <span class='ocr_line' id='line_1_5' title="bbox 444 613 1895 700; baseline 0 -23"><span class='ocrx_word' id='word_1_22' title='bbox 444 621 637 692; x_wconf 79' lang='grc' dir='ltr'>κεῖμαι</span> <span class='ocrx_word' id='word_1_23' title='bbox 665 617 717 677; x_wconf 91' lang='grc' dir='ltr'>δ’</span> <span class='ocrx_word' id='word_1_24' title='bbox 752 613 842 677; x_wconf 78' lang='grc' dir='ltr'>ἐπ’</span> <span class='ocrx_word' id='word_1_25' title='bbox 874 615 1091 692; x_wconf 85' lang='grc' dir='ltr'>ἀκταῖς,</span> <span class='ocrx_word' id='word_1_26' title='bbox 1123 614 1331 678; x_wconf 87' lang='grc' dir='ltr'>ἄλλοτ</span> <span class='ocrx_word' id='word_1_27' title='bbox 1361 617 1425 678; x_wconf 80' lang='grc' dir='ltr'>ἐν</span> <span class='ocrx_word' id='word_1_28' title='bbox 1454 618 1671 679; x_wconf 82' lang='grc' dir='ltr'>πόντου</span> <span class='ocrx_word' id='word_1_29' title='bbox 1703 615 1895 700; x_wconf 78' lang='grc' dir='ltr'>σάλῳ,</span> 
     </span>
     <span class='ocr_line' id='line_1_6' title="bbox 443 699 1700 781; baseline 0.003 -19"><span class='ocrx_word' id='word_1_30' title='bbox 443 704 693 764; x_wconf 79' lang='grc' dir='ltr'>πολλοῖς</span> <span class='ocrx_word' id='word_1_31' title='bbox 723 699 982 766; x_wconf 87' lang='grc' dir='ltr'>διαύλοις</span> <span class='ocrx_word' id='word_1_32' title='bbox 1014 699 1284 778; x_wconf 80' lang='grc' dir='ltr'>κυμάτων</span> <span class='ocrx_word' id='word_1_33' title='bbox 1313 701 1700 781; x_wconf 80' lang='grc' dir='ltr'>φορούμενος,</span> 
     </span>
     <span class='ocr_line' id='line_1_7' title="bbox 442 784 1933 866; baseline 0.003 -20"><span class='ocrx_word' id='word_1_34' title='bbox 442 784 790 856; x_wconf 84' lang='grc' dir='ltr'>ἄκλαυστος,</span> <span class='ocrx_word' id='word_1_35' title='bbox 822 784 1068 865; x_wconf 82' lang='grc' dir='ltr'>ἄταφος·</span> <span class='ocrx_word' id='word_1_36' title='bbox 1102 791 1206 848; x_wconf 87' lang='grc' dir='ltr'>νῦν</span> <span class='ocrx_word' id='word_1_37' title='bbox 1235 785 1289 846; x_wconf 90' lang='grc' dir='ltr'>δ’</span> <span class='ocrx_word' id='word_1_38' title='bbox 1320 786 1463 865; x_wconf 78' lang='grc' dir='ltr'>ὑπὲρ</span> <span class='ocrx_word' id='word_1_39' title='bbox 1493 786 1710 865; x_wconf 85' lang='grc' dir='ltr'>μητρὸς</span> <span class='ocrx_word' id='word_1_40' title='bbox 1749 787 1933 866; x_wconf 81' lang='grc' dir='ltr'>φίλης</span> 
     </span>
     <span class='ocr_line' id='line_1_8' title="bbox 442 866 1669 948; baseline 0.001 -17.017"><span class='ocrx_word' id='word_1_41' title='bbox 442 866 708 946; x_wconf 83' lang='grc' dir='ltr'>Ἑκάβης</span> <span class='ocrx_word' id='word_1_42' title='bbox 738 868 950 940; x_wconf 79' lang='grc' dir='ltr'>ἆΐσσω,</span> <span class='ocrx_word' id='word_1_43' title='bbox 986 871 1138 947; x_wconf 83' lang='grc' dir='ltr'>σῶμ’</span> <span class='ocrx_word' id='word_1_44' title='bbox 1171 871 1479 947; x_wconf 78' lang='grc' dir='ltr'>ἐρημώσας</span> <span class='ocrx_word' id='word_1_45' title='bbox 1510 871 1669 948; x_wconf 80' lang='grc' dir='ltr'>ἐμὸν,</span> 
     </span>
     <span class='ocr_line' id='line_1_9' title="bbox 443 951 1526 1034; baseline 0.005 -19"><span class='ocrx_word' id='word_1_46' title='bbox 443 958 703 1033; x_wconf 77' lang='grc' dir='ltr'>τριταῖον</span> <span class='ocrx_word' id='word_1_47' title='bbox 727 953 837 1031; x_wconf 89' lang='grc' dir='ltr'>ἤδη</span> <span class='ocrx_word' id='word_1_48' title='bbox 863 951 1086 1033; x_wconf 86' lang='grc' dir='ltr'>φέγγος</span> <span class='ocrx_word' id='word_1_49' title='bbox 1116 955 1526 1034; x_wconf 76' lang='grc' dir='ltr'>αἰωρούμενος,</span> 
     </span>
    </p>
   </div>
   <div class='ocr_carea' id='block_1_3' title="bbox 376 1039 1477 1124">
    <p class='ocr_par' dir='ltr' id='par_1_4' title="bbox 376 1039 1477 1124">
     <span class='ocr_line' id='line_1_10' title="bbox 376 1039 1477 1124; baseline 0.002 -25"><span class='ocrx_word' id='word_1_50' title='bbox 376 1106 381 1111; x_wconf 46' lang='lat'>‚</span> <span class='ocrx_word' id='word_1_51' title='bbox 444 1039 701 1118; x_wconf 83' lang='grc' dir='ltr'>ὅσονπερ</span> <span class='ocrx_word' id='word_1_52' title='bbox 731 1039 795 1102; x_wconf 79' lang='grc' dir='ltr'>έν</span> <span class='ocrx_word' id='word_1_53' title='bbox 823 1042 899 1124; x_wconf 82' lang='grc' dir='ltr'>,γῇ</span> <span class='ocrx_word' id='word_1_54' title='bbox 929 1039 1070 1122; x_wconf 81' lang='grc' dir='ltr'>τῇδε</span> <span class='ocrx_word' id='word_1_55' title='bbox 1097 1040 1477 1120; x_wconf 75' lang='grc' dir='ltr'>Χερσονησίᾳ</span> 
     </span>
    </p>
   </div>
   <div class='ocr_carea' id='block_1_4' title="bbox 268 3338 402 3398">
    <p class='ocr_par' dir='ltr' id='par_1_5' title="bbox 268 3338 402 3398">
     <span class='ocr_line' id='line_1_11' title="bbox 268 3338 402 3398; baseline -0.007 0"><span class='ocrx_word' id='word_1_56' title='bbox 268 3338 402 3398; x_wconf 84' lang='grc' dir='ltr'>ΕΚ.</span> 
     </span>
    </p>
   </div>
   <div class='ocr_carea' id='block_1_5' title="bbox 436 1121 1938 3669">
    <p class='ocr_par' dir='ltr' id='par_1_6' title="bbox 441 1121 1922 2057">
     <span class='ocr_line' id='line_1_12' title="bbox 441 1121 1641 1204; baseline 0.003 -21"><span class='ocrx_word' id='word_1_57' title='bbox 441 1122 631 1204; x_wconf 86' lang='grc' dir='ltr'>μήτηρ</span> <span class='ocrx_word' id='word_1_58' title='bbox 661 1122 769 1203; x_wconf 83' lang='grc' dir='ltr'>ἑμη</span> <span class='ocrx_word' id='word_1_59' title='bbox 800 1125 1082 1200; x_wconf 84' lang='grc' dir='ltr'>δύστηνος</span> <span class='ocrx_word' id='word_1_60' title='bbox 1113 1127 1176 1187; x_wconf 79' lang='grc' dir='ltr'>ἐκ</span> <span class='ocrx_word' id='word_1_61' title='bbox 1214 1124 1430 1204; x_wconf 92' lang='grc' dir='ltr'>Τροίας</span> <span class='ocrx_word' id='word_1_62' title='bbox 1465 1121 1641 1203; x_wconf 89' lang='grc' dir='ltr'>πάρα.</span> 
     </span>
     <span class='ocr_line' id='line_1_13' title="bbox 442 1208 1689 1290; baseline -0.001 -19"><span class='ocrx_word' id='word_1_63' title='bbox 442 1208 655 1273; x_wconf 90' lang='grc' dir='ltr'>πάντες</span> <span class='ocrx_word' id='word_1_64' title='bbox 685 1210 738 1269; x_wconf 91' lang='grc' dir='ltr'>δ’</span> <span class='ocrx_word' id='word_1_65' title='bbox 770 1208 1006 1288; x_wconf 87' lang='grc' dir='ltr'>Ἀχαιοὶ</span> <span class='ocrx_word' id='word_1_66' title='bbox 1035 1213 1173 1273; x_wconf 83' lang='grc' dir='ltr'>ναῦς</span> <span class='ocrx_word' id='word_1_67' title='bbox 1204 1209 1509 1289; x_wconf 75' lang='grc' dir='ltr'>ἔχοντες”</span> <span class='ocrx_word' id='word_1_68' title='bbox 1469 1233 1689 1290; x_wconf 90' lang='grc' dir='ltr'>ησυχοι</span> 
     </span>
     <span class='ocr_line' id='line_1_14' title="bbox 443 1291 1867 1378; baseline 0.004 -24"><span class='ocrx_word' id='word_1_69' title='bbox 443 1291 795 1355; x_wconf 55' lang='grc' dir='ltr'>θάσσουσΗ</span> <span class='ocrx_word' id='word_1_70' title='bbox 769 1293 860 1357; x_wconf 83' lang='grc' dir='ltr'>επ’</span> <span class='ocrx_word' id='word_1_71' title='bbox 894 1294 1093 1359; x_wconf 84' lang='grc' dir='ltr'>ἀκταῖς</span> <span class='ocrx_word' id='word_1_72' title='bbox 1122 1296 1305 1370; x_wconf 82' lang='grc' dir='ltr'>τῆσδε</span> <span class='ocrx_word' id='word_1_73' title='bbox 1338 1295 1601 1378; x_wconf 83' lang='grc' dir='ltr'>Θρῃκίας</span> <span class='ocrx_word' id='word_1_74' title='bbox 1629 1294 1867 1375; x_wconf 88' lang='grc' dir='ltr'>χθονός·</span> 
     </span>
     <span class='ocr_line' id='line_1_15' title="bbox 446 1375 1731 1461; baseline 0.004 -21"><span class='ocrx_word' id='word_1_75' title='bbox 446 1381 479 1440; x_wconf 85' lang='grc' dir='ltr'>ὁ</span> <span class='ocrx_word' id='word_1_76' title='bbox 503 1375 755 1454; x_wconf 84' lang='grc' dir='ltr'>Πηλέως</span> <span class='ocrx_word' id='word_1_77' title='bbox 784 1380 896 1460; x_wconf 73' lang='grc' dir='ltr'>γὰρ</span> <span class='ocrx_word' id='word_1_78' title='bbox 926 1386 1064 1444; x_wconf 88' lang='grc' dir='ltr'>παῖς</span> <span class='ocrx_word' id='word_1_79' title='bbox 1086 1382 1229 1461; x_wconf 78' lang='grc' dir='ltr'>ὑπὲρ</span> <span class='ocrx_word' id='word_1_80' title='bbox 1260 1378 1490 1457; x_wconf 82' lang='grc' dir='ltr'>τύμβου</span> <span class='ocrx_word' id='word_1_81' title='bbox 1521 1378 1731 1459; x_wconf 86' lang='grc' dir='ltr'>φανεὶς</span> 
     </span>
     <span class='ocr_line' id='line_1_16' title="bbox 445 1460 1938 1544; baseline 0.001 -20"><span class='ocrx_word' id='word_1_82' title='bbox 445 1462 687 1544; x_wconf 87' lang='grc' dir='ltr'>κατέσχ’</span> <span class='ocrx_word' id='word_1_83' title='bbox 717 1464 1041 1544; x_wconf 88' lang='grc' dir='ltr'>Ἀχιλλευς</span> <span class='ocrx_word' id='word_1_84' title='bbox 1069 1466 1186 1526; x_wconf 80' lang='grc' dir='ltr'>πᾶν</span> <span class='ocrx_word' id='word_1_85' title='bbox 1217 1460 1531 1542; x_wconf 84' lang='grc' dir='ltr'>στράτευμ’</span> <span class='ocrx_word' id='word_1_86' title='bbox 1559 1461 1938 1540; x_wconf 86' lang='grc' dir='ltr'>Ἑλληνικὸν,</span> 
     </span>
     <span class='ocr_line' id='line_1_17' title="bbox 441 1546 1707 1628; baseline -0.002 -18"><span class='ocrx_word' id='word_1_87' title='bbox 441 1549 585 1628; x_wconf 86' lang='grc' dir='ltr'>πρὸς</span> <span class='ocrx_word' id='word_1_88' title='bbox 615 1548 777 1611; x_wconf 84' lang='grc' dir='ltr'>οἶκον</span> <span class='ocrx_word' id='word_1_89' title='bbox 806 1548 1150 1614; x_wconf 82' lang='grc' dir='ltr'>εὐθύνοντας</span> <span class='ocrx_word' id='word_1_90' title='bbox 1173 1548 1416 1610; x_wconf 80' lang='grc' dir='ltr'>ἐναλίαν</span> <span class='ocrx_word' id='word_1_91' title='bbox 1459 1546 1707 1624; x_wconf 84' lang='grc' dir='ltr'>πλάτην·</span> 
     </span>
     <span class='ocr_line' id='line_1_18' title="bbox 441 1629 1651 1713; baseline 0 -19"><span class='ocrx_word' id='word_1_92' title='bbox 441 1636 596 1696; x_wconf 77' lang='grc' dir='ltr'>αἰτεῖ</span> <span class='ocrx_word' id='word_1_93' title='bbox 613 1634 666 1694; x_wconf 91' lang='grc' dir='ltr'>δ’</span> <span class='ocrx_word' id='word_1_94' title='bbox 698 1631 965 1713; x_wconf 78' lang='grc' dir='ltr'>ἀδελφὴν</span> <span class='ocrx_word' id='word_1_95' title='bbox 993 1632 1100 1709; x_wconf 77' lang='grc' dir='ltr'>τὴν</span> <span class='ocrx_word' id='word_1_96' title='bbox 1129 1633 1274 1711; x_wconf 78' lang='grc' dir='ltr'>ἐμην</span> <span class='ocrx_word' id='word_1_97' title='bbox 1303 1629 1651 1709; x_wconf 81' lang='grc' dir='ltr'>Πολυξένην</span> 
     </span>
     <span class='ocr_line' id='line_1_19' title="bbox 441 1715 1848 1801; baseline 0.001 -22"><span class='ocrx_word' id='word_1_98' title='bbox 441 1716 647 1801; x_wconf 79' lang='grc' dir='ltr'>τύμβῳ</span> <span class='ocrx_word' id='word_1_99' title='bbox 677 1718 861 1795; x_wconf 81' lang='grc' dir='ltr'>φίλον</span> <span class='ocrx_word' id='word_1_100' title='bbox 888 1717 1258 1798; x_wconf 85' lang='grc' dir='ltr'>πρόσφαγμα</span> <span class='ocrx_word' id='word_1_101' title='bbox 1289 1716 1382 1778; x_wconf 84' lang='grc' dir='ltr'>καὶ</span> <span class='ocrx_word' id='word_1_102' title='bbox 1410 1715 1584 1797; x_wconf 90' lang='grc' dir='ltr'>γέρας</span> <span class='ocrx_word' id='word_1_103' title='bbox 1613 1721 1848 1794; x_wconf 88' lang='grc' dir='ltr'>λαβεῖν.</span> 
     </span>
     <span class='ocr_line' id='line_1_20' title="bbox 445 1800 1753 1916; baseline 0.002 -51"><span class='ocrx_word' id='word_1_104' title='bbox 445 1801 539 1865; x_wconf 87' lang='grc' dir='ltr'>καὶ</span> <span class='ocrx_word' id='word_1_105' title='bbox 567 1800 834 1877; x_wconf 80' lang='grc' dir='ltr'>τεύξεται</span> <span class='ocrx_word' id='word_1_106' title='bbox 863 1804 1042 1880; x_wconf 84' lang='grc' dir='ltr'>τοῦδ’,</span> <span class='ocrx_word' id='word_1_107' title='bbox 1077 1802 1197 1863; x_wconf 82' lang='grc' dir='ltr'>οὐδ’</span> <span class='ocrx_word' id='word_1_108' title='bbox 1231 1802 1525 1880; x_wconf 82' lang='grc' dir='ltr'>ἆδῶρητος</span> <span class='ocrx_word' id='word_1_109' title='bbox 1556 1802 1753 1916; x_wconf 90' lang='grc' dir='ltr'>φίλων</span> 
     </span>
     <span class='ocr_line' id='line_1_21' title="bbox 444 1883 1753 1966; baseline 0.002 -17"><span class='ocrx_word' id='word_1_110' title='bbox 444 1886 615 1950; x_wconf 82' lang='grc' dir='ltr'>ἔσται</span> <span class='ocrx_word' id='word_1_111' title='bbox 644 1885 788 1966; x_wconf 83' lang='grc' dir='ltr'>πρὸς</span> <span class='ocrx_word' id='word_1_112' title='bbox 819 1887 1060 1966; x_wconf 80' lang='grc' dir='ltr'>ἀνδρῶν·</span> <span class='ocrx_word' id='word_1_113' title='bbox 1091 1886 1128 1964; x_wconf 84' lang='grc' dir='ltr'>ἡ</span> <span class='ocrx_word' id='word_1_114' title='bbox 1158 1883 1503 1966; x_wconf 84' lang='grc' dir='ltr'>πεπρωμένη</span> <span class='ocrx_word' id='word_1_115' title='bbox 1536 1887 1588 1948; x_wconf 93' lang='grc' dir='ltr'>δ’</span> <span class='ocrx_word' id='word_1_116' title='bbox 1621 1886 1753 1966; x_wconf 82' lang='grc' dir='ltr'>ἄγει</span> 
     </span>
     <span class='ocr_line' id='line_1_22' title="bbox 443 1970 1589 2057; baseline 0 -22"><span class='ocrx_word' id='word_1_117' title='bbox 443 1976 645 2037; x_wconf 88' lang='grc' dir='ltr'>θανεῖν</span> <span class='ocrx_word' id='word_1_118' title='bbox 665 1970 930 2050; x_wconf 77' lang='grc' dir='ltr'>ἀδελφὴν</span> <span class='ocrx_word' id='word_1_119' title='bbox 958 1970 1090 2057; x_wconf 72' lang='grc' dir='ltr'>τῷδ’</span> <span class='ocrx_word' id='word_1_120' title='bbox 1125 1970 1271 2050; x_wconf 81' lang='grc' dir='ltr'>ἐμὴν</span> <span class='ocrx_word' id='word_1_121' title='bbox 1300 1970 1431 2033; x_wconf 64' lang='grc' dir='ltr'>ἐν’</span> <span class='ocrx_word' id='word_1_122' title='bbox 1391 1995 1589 2049; x_wconf 90' lang='grc' dir='ltr'>ηματι.</span> 
     </span>
    </p>

    <p class='ocr_par' dir='ltr' id='par_1_7' title="bbox 440 2057 1746 2395">
     <span class='ocr_line' id='line_1_23' title="bbox 440 2057 1652 2137; baseline 0 -17"><span class='ocrx_word' id='word_1_123' title='bbox 440 2060 603 2122; x_wconf 85' lang='grc' dir='ltr'>δυοῖν</span> <span class='ocrx_word' id='word_1_124' title='bbox 631 2061 696 2121; x_wconf 76' lang='grc' dir='ltr'>δὲ</span> <span class='ocrx_word' id='word_1_125' title='bbox 722 2057 953 2120; x_wconf 86' lang='grc' dir='ltr'>παίδοιν</span> <span class='ocrx_word' id='word_1_126' title='bbox 983 2058 1084 2120; x_wconf 91' lang='grc' dir='ltr'>δύο</span> <span class='ocrx_word' id='word_1_127' title='bbox 1114 2059 1295 2135; x_wconf 79' lang='grc' dir='ltr'>νεκρὼ</span> <span class='ocrx_word' id='word_1_128' title='bbox 1328 2059 1652 2137; x_wconf 81' lang='grc' dir='ltr'>κατόψεται</span> 
     </span>
     <span class='ocr_line' id='line_1_24' title="bbox 442 2139 1678 2222; baseline 0.002 -18"><span class='ocrx_word' id='word_1_129' title='bbox 442 2140 650 2222; x_wconf 87' lang='grc' dir='ltr'>μήτηρ,</span> <span class='ocrx_word' id='word_1_130' title='bbox 686 2145 824 2221; x_wconf 81' lang='grc' dir='ltr'>ἐμοῦ</span> <span class='ocrx_word' id='word_1_131' title='bbox 847 2167 914 2205; x_wconf 92' lang='grc' dir='ltr'>τε</span> <span class='ocrx_word' id='word_1_132' title='bbox 940 2145 1044 2220; x_wconf 82' lang='grc' dir='ltr'>τῆς</span> <span class='ocrx_word' id='word_1_133' title='bbox 1072 2166 1139 2204; x_wconf 91' lang='grc' dir='ltr'>τε</span> <span class='ocrx_word' id='word_1_134' title='bbox 1169 2139 1457 2217; x_wconf 89' lang='grc' dir='ltr'>δυστήνου</span> <span class='ocrx_word' id='word_1_135' title='bbox 1488 2143 1678 2221; x_wconf 83' lang='grc' dir='ltr'>κόρης.</span> 
     </span>
     <span class='ocr_line' id='line_1_25' title="bbox 445 2224 1769 2308; baseline 0 -18"><span class='ocrx_word' id='word_1_136' title='bbox 445 2227 788 2308; x_wconf 88' lang='grc' dir='ltr'>φανήσομαι</span> <span class='ocrx_word' id='word_1_137' title='bbox 816 2229 947 2307; x_wconf 75' lang='grc' dir='ltr'>γὰρ,</span> <span class='ocrx_word' id='word_1_138' title='bbox 984 2229 1061 2292; x_wconf 84' lang='grc' dir='ltr'>ὧς</span> <span class='ocrx_word' id='word_1_139' title='bbox 1091 2225 1285 2307; x_wconf 88' lang='grc' dir='ltr'>τάφου</span> <span class='ocrx_word' id='word_1_140' title='bbox 1314 2224 1553 2304; x_wconf 81' lang='grc' dir='ltr'>τλήμων</span> <span class='ocrx_word' id='word_1_141' title='bbox 1583 2227 1769 2308; x_wconf 85' lang='grc' dir='ltr'>τύχω,</span> 
     </span>
     <span class='ocr_line' id='line_1_26' title="bbox 446 2311 1635 2395; baseline -0.002 -20"><span class='ocrx_word' id='word_1_142' title='bbox 446 2313 657 2389; x_wconf 84' lang='grc' dir='ltr'>δούλης</span> <span class='ocrx_word' id='word_1_143' title='bbox 687 2316 882 2374; x_wconf 80' lang='grc' dir='ltr'>ποδῶν</span> <span class='ocrx_word' id='word_1_144' title='bbox 911 2311 1192 2392; x_wconf 88' lang='grc' dir='ltr'>πάροιθεν</span> <span class='ocrx_word' id='word_1_145' title='bbox 1222 2312 1286 2375; x_wconf 80' lang='grc' dir='ltr'>ἐν</span> <span class='ocrx_word' id='word_1_146' title='bbox 1316 2312 1635 2395; x_wconf 78' lang='grc' dir='ltr'>κλυδωνίῳ.</span> 
     </span>
    </p>

    <p class='ocr_par' dir='ltr' id='par_1_8' title="bbox 441 2393 1841 2986">
     <span class='ocr_line' id='line_1_27' title="bbox 444 2393 1643 2504; baseline -0.003 -45"><span class='ocrx_word' id='word_1_147' title='bbox 444 2399 580 2463; x_wconf 84' lang='grc' dir='ltr'>τοὺς</span> <span class='ocrx_word' id='word_1_148' title='bbox 595 2398 707 2477; x_wconf 79' lang='grc' dir='ltr'>γὰρ</span> <span class='ocrx_word' id='word_1_149' title='bbox 737 2395 889 2459; x_wconf 84' lang='grc' dir='ltr'>κάτω</span> <span class='ocrx_word' id='word_1_150' title='bbox 922 2394 1237 2462; x_wconf 87' lang='grc' dir='ltr'>σθένοντας</span> <span class='ocrx_word' id='word_1_151' title='bbox 1270 2393 1643 2504; x_wconf 74' lang='grc' dir='ltr'>ἔξῃτησάμην</span> 
     </span>
     <span class='ocr_line' id='line_1_28' title="bbox 441 2479 1826 2563; baseline 0 -18"><span class='ocrx_word' id='word_1_152' title='bbox 441 2481 670 2561; x_wconf 91' lang='grc' dir='ltr'>τύμβου</span> <span class='ocrx_word' id='word_1_153' title='bbox 700 2485 965 2561; x_wconf 83' lang='grc' dir='ltr'>κυρῆσαι,</span> <span class='ocrx_word' id='word_1_154' title='bbox 998 2484 1116 2548; x_wconf 81' lang='grc' dir='ltr'>κείς</span> <span class='ocrx_word' id='word_1_155' title='bbox 1144 2480 1324 2563; x_wconf 88' lang='grc' dir='ltr'>χέρας</span> <span class='ocrx_word' id='word_1_156' title='bbox 1352 2479 1569 2559; x_wconf 89' lang='grc' dir='ltr'>μητρὸς</span> <span class='ocrx_word' id='word_1_157' title='bbox 1599 2481 1826 2545; x_wconf 82' lang='grc' dir='ltr'>πεσεῖν.</span> 
     </span>
     <span class='ocr_line' id='line_1_29' title="bbox 443 2564 1697 2647; baseline 0.001 -19"><span class='ocrx_word' id='word_1_158' title='bbox 443 2565 660 2645; x_wconf 79' lang='grc' dir='ltr'>τούμὸν</span> <span class='ocrx_word' id='word_1_159' title='bbox 686 2567 794 2645; x_wconf 79' lang='grc' dir='ltr'>μὲν</span> <span class='ocrx_word' id='word_1_160' title='bbox 825 2568 927 2629; x_wconf 79' lang='grc' dir='ltr'>οὖν</span> <span class='ocrx_word' id='word_1_161' title='bbox 957 2569 1211 2646; x_wconf 84' lang='grc' dir='ltr'>ὅσονπερ</span> <span class='ocrx_word' id='word_1_162' title='bbox 1241 2564 1462 2643; x_wconf 86' lang='grc' dir='ltr'>ἤθελον</span> <span class='ocrx_word' id='word_1_163' title='bbox 1491 2571 1697 2647; x_wconf 86' lang='grc' dir='ltr'>τυχεῖν</span> 
     </span>
     <span class='ocr_line' id='line_1_30' title="bbox 443 2650 1626 2733; baseline -0.001 -18"><span class='ocrx_word' id='word_1_164' title='bbox 443 2653 634 2716; x_wconf 78' lang='grc' dir='ltr'>ἔσται·</span> <span class='ocrx_word' id='word_1_165' title='bbox 663 2651 872 2733; x_wconf 76' lang='grc' dir='ltr'>γεραιᾷ</span> <span class='ocrx_word' id='word_1_166' title='bbox 898 2651 951 2713; x_wconf 83' lang='grc' dir='ltr'>δ’</span> <span class='ocrx_word' id='word_1_167' title='bbox 985 2652 1247 2715; x_wconf 78' lang='grc' dir='ltr'>ἐκποδὼν</span> <span class='ocrx_word' id='word_1_168' title='bbox 1278 2650 1626 2731; x_wconf 85' lang='grc' dir='ltr'>χωρήσομαι</span> 
     </span>
     <span class='ocr_line' id='line_1_31' title="bbox 441 2733 1730 2821; baseline 0.002 -24"><span class='ocrx_word' id='word_1_169' title='bbox 441 2733 693 2821; x_wconf 87' lang='grc' dir='ltr'>Ἑκάβῃ·</span> <span class='ocrx_word' id='word_1_170' title='bbox 739 2737 891 2817; x_wconf 75' lang='grc' dir='ltr'>περᾷ</span> <span class='ocrx_word' id='word_1_171' title='bbox 923 2738 1035 2816; x_wconf 81' lang='grc' dir='ltr'>γᾶρ</span> <span class='ocrx_word' id='word_1_172' title='bbox 1062 2735 1153 2814; x_wconf 79' lang='grc' dir='ltr'>ἥδ’</span> <span class='ocrx_word' id='word_1_173' title='bbox 1184 2734 1298 2799; x_wconf 83' lang='grc' dir='ltr'>ὑπὸ</span> <span class='ocrx_word' id='word_1_174' title='bbox 1330 2740 1547 2813; x_wconf 86' lang='grc' dir='ltr'>σκηνῆς</span> <span class='ocrx_word' id='word_1_175' title='bbox 1576 2737 1730 2799; x_wconf 91' lang='grc' dir='ltr'>πόδα</span> 
     </span>
     <span class='ocr_line' id='line_1_32' title="bbox 461 2818 1841 2903; baseline 0.002 -19"><span class='ocrx_word' id='word_1_176' title='bbox 461 2818 899 2903; x_wconf 85' lang='grc' dir='ltr'>Αγαμέμνονος,</span> <span class='ocrx_word' id='word_1_177' title='bbox 934 2821 1257 2902; x_wconf 86' lang='grc' dir='ltr'>φάντασμα</span> <span class='ocrx_word' id='word_1_178' title='bbox 1286 2821 1645 2899; x_wconf 58' lang='grc' dir='ltr'>δειμαίνουο)</span> <span class='ocrx_word' id='word_1_179' title='bbox 1679 2822 1841 2903; x_wconf 81' lang='grc' dir='ltr'>ἐμόν.</span> 
     </span>
     <span class='ocr_line' id='line_1_33' title="bbox 444 2912 579 2986; baseline -0.022 -15"><span class='ocrx_word' id='word_1_180' title='bbox 444 2912 579 2986; x_wconf 90' lang='grc' dir='ltr'>φεῦ·</span> 
     </span>
    </p>

    <p class='ocr_par' dir='ltr' id='par_1_9' title="bbox 441 2990 1765 3498">
     <span class='ocr_line' id='line_1_34' title="bbox 443 2990 1581 3071; baseline 0 -17"><span class='ocrx_word' id='word_1_181' title='bbox 443 2990 489 3054; x_wconf 77' lang='grc' dir='ltr'><em>ὦ</em></span> <span class='ocrx_word' id='word_1_182' title='bbox 517 2994 720 3071; x_wconf 83' lang='grc' dir='ltr'>μῆτερ,</span> <span class='ocrx_word' id='word_1_183' title='bbox 749 2991 875 3069; x_wconf 86' lang='grc' dir='ltr'>ἥτις</span> <span class='ocrx_word' id='word_1_184' title='bbox 909 2991 973 3054; x_wconf 77' lang='grc' dir='ltr'>ἐκ</span> <span class='ocrx_word' id='word_1_185' title='bbox 1002 2994 1357 3070; x_wconf 82' lang='grc' dir='ltr'>τυραννικῶν</span> <span class='ocrx_word' id='word_1_186' title='bbox 1386 2992 1581 3068; x_wconf 90' lang='grc' dir='ltr'>δόμων</span> 
     </span>
     <span class='ocr_line' id='line_1_35' title="bbox 446 3074 1765 3156; baseline 0 -16"><span class='ocrx_word' id='word_1_187' title='bbox 446 3077 714 3140; x_wconf 87' lang='grc' dir='ltr'>δούλειον</span> <span class='ocrx_word' id='word_1_188' title='bbox 740 3076 892 3155; x_wconf 82' lang='grc' dir='ltr'>ἦμαρ</span> <span class='ocrx_word' id='word_1_189' title='bbox 925 3076 1094 3147; x_wconf 84' lang='grc' dir='ltr'>εἶδες,</span> <span class='ocrx_word' id='word_1_190' title='bbox 1130 3077 1207 3141; x_wconf 84' lang='grc' dir='ltr'>ὦς</span> <span class='ocrx_word' id='word_1_191' title='bbox 1236 3074 1526 3156; x_wconf 92' lang='grc' dir='ltr'>πράσσεις</span> <span class='ocrx_word' id='word_1_192' title='bbox 1558 3074 1765 3147; x_wconf 70' lang='grc' dir='ltr'>κακῶς,</span> 
     </span>
     <span class='ocr_line' id='line_1_36' title="bbox 443 3160 1623 3242; baseline -0.003 -16"><span class='ocrx_word' id='word_1_193' title='bbox 443 3163 698 3242; x_wconf 82' lang='grc' dir='ltr'>ὅσονπερ</span> <span class='ocrx_word' id='word_1_194' title='bbox 719 3162 781 3224; x_wconf 79' lang='grc' dir='ltr'>εὖ</span> <span class='ocrx_word' id='word_1_195' title='bbox 811 3161 967 3225; x_wconf 81' lang='grc' dir='ltr'>ποτ’.</span> <span class='ocrx_word' id='word_1_196' title='bbox 1015 3161 1425 3238; x_wconf 79' lang='grc' dir='ltr'>ἆντισηκῶσας</span> <span class='ocrx_word' id='word_1_197' title='bbox 1455 3160 1519 3224; x_wconf 87' lang='grc' dir='ltr'>δέ</span> <span class='ocrx_word' id='word_1_198' title='bbox 1550 3186 1623 3223; x_wconf 93' lang='grc' dir='ltr'>σε</span> 
     </span>
     <span class='ocr_line' id='line_1_37' title="bbox 443 3243 1725 3328; baseline -0.001 -19"><span class='ocrx_word' id='word_1_199' title='bbox 443 3248 675 3328; x_wconf 85' lang='grc' dir='ltr'>φθείρει</span> <span class='ocrx_word' id='word_1_200' title='bbox 696 3250 846 3310; x_wconf 81' lang='grc' dir='ltr'>θεῶν</span> <span class='ocrx_word' id='word_1_201' title='bbox 872 3271 962 3312; x_wconf 90' lang='grc' dir='ltr'>τις</span> <span class='ocrx_word' id='word_1_202' title='bbox 991 3249 1095 3324; x_wconf 86' lang='grc' dir='ltr'>τῆς</span> <span class='ocrx_word' id='word_1_203' title='bbox 1124 3243 1356 3326; x_wconf 90' lang='grc' dir='ltr'>πάροιθ’</span> <span class='ocrx_word' id='word_1_204' title='bbox 1392 3243 1725 3326; x_wconf 80' lang='grc' dir='ltr'>εὐπραξίας.</span> 
     </span>
     <span class='ocr_line' id='line_1_38' title="bbox 445 3330 1680 3413; baseline -0.003 -17"><span class='ocrx_word' id='word_1_205' title='bbox 445 3332 609 3413; x_wconf 80' lang='grc' dir='ltr'>ἄγετ’</span> <span class='ocrx_word' id='word_1_206' title='bbox 642 3330 687 3394; x_wconf 77' lang='grc' dir='ltr'><em>ὦ</em></span> <span class='ocrx_word' id='word_1_207' title='bbox 718 3336 942 3403; x_wconf 88' lang='grc' dir='ltr'>παῖδες,</span> <span class='ocrx_word' id='word_1_208' title='bbox 975 3331 1083 3411; x_wconf 80' lang='grc' dir='ltr'>τὴν</span> <span class='ocrx_word' id='word_1_209' title='bbox 1109 3336 1296 3413; x_wconf 87' lang='grc' dir='ltr'>γραῦν</span> <span class='ocrx_word' id='word_1_210' title='bbox 1324 3330 1437 3410; x_wconf 86' lang='grc' dir='ltr'>πρὸ</span> <span class='ocrx_word' id='word_1_211' title='bbox 1467 3331 1680 3410; x_wconf 86' lang='grc' dir='ltr'>δόμων,</span> 
     </span>
     <span class='ocr_line' id='line_1_39' title="bbox 441 3414 1455 3498; baseline -0.002 -17"><span class='ocrx_word' id='word_1_212' title='bbox 441 3417 624 3498; x_wconf 68' lang='grc' dir='ltr'>ἄγετ’,</span> <span class='ocrx_word' id='word_1_213' title='bbox 659 3419 941 3497; x_wconf 84' lang='grc' dir='ltr'>ὀρθοῦσαι</span> <span class='ocrx_word' id='word_1_214' title='bbox 970 3414 1077 3495; x_wconf 88' lang='grc' dir='ltr'>την</span> <span class='ocrx_word' id='word_1_215' title='bbox 1108 3419 1455 3494; x_wconf 83' lang='grc' dir='ltr'>ὁμόδουλον,</span> 
     </span>
    </p>

    <p class='ocr_par' dir='ltr' id='par_1_10' title="bbox 436 3502 1645 3669">
     <span class='ocr_line' id='line_1_40' title="bbox 442 3502 1583 3586; baseline -0.003 -19"><span class='ocrx_word' id='word_1_216' title='bbox 442 3502 733 3586; x_wconf 78' lang='grc' dir='ltr'>Τρῳάδες,</span> <span class='ocrx_word' id='word_1_217' title='bbox 764 3505 918 3583; x_wconf 83' lang='grc' dir='ltr'>ὑμῖν,</span> <span class='ocrx_word' id='word_1_218' title='bbox 952 3502 1178 3584; x_wconf 91' lang='grc' dir='ltr'>πρόσθε</span> <span class='ocrx_word' id='word_1_219' title='bbox 1208 3502 1262 3562; x_wconf 92' lang='grc' dir='ltr'>δ’</span> <span class='ocrx_word' id='word_1_220' title='bbox 1294 3502 1583 3564; x_wconf 84' lang='grc' dir='ltr'>ἄνασσαν.</span> 
     </span>
     <span class='ocr_line' id='line_1_41' title="bbox 436 3565 1645 3669; baseline -0.004 -18"><span class='ocrx_word' id='word_1_221' title='bbox 436 3565 683 3662; x_wconf 60' lang='grc' dir='ltr'>λάβετε,</span> <span class='ocrx_word' id='word_1_222' title='bbox 718 3585 948 3669; x_wconf 85' lang='grc' dir='ltr'>φέρετε,</span> <span class='ocrx_word' id='word_1_223' title='bbox 978 3585 1249 3669; x_wconf 81' lang='grc' dir='ltr'>πέμπετ’,</span> <span class='ocrx_word' id='word_1_224' title='bbox 1282 3583 1505 3665; x_wconf 87' lang='grc' dir='ltr'>ἇείρετέ</span> <span class='ocrx_word' id='word_1_225' title='bbox 1531 3609 1645 3664; x_wconf 93' lang='grc' dir='ltr'>μου</span> 
     </span>
    </p>
   </div>
   <div class='ocr_carea' id='block_1_6' title="bbox 2180 378 2246 427">
    <p class='ocr_par' dir='ltr' id='par_1_11' title="bbox 2180 378 2246 427">
     <span class='ocr_line' id='line_1_42' title="bbox 2180 378 2246 427; baseline 0 0"><span class='ocrx_word' id='word_1_226' title='bbox 2180 378 2246 427; x_wconf 65' lang='lat'>25</span> 
     </span>
    </p>
   </div>
   <div class='ocr_carea' id='block_1_7' title="bbox 2177 1221 2242 1271">
    <p class='ocr_par' dir='ltr' id='par_1_12' title="bbox 2177 1221 2242 1271">
     <span class='ocr_line' id='line_1_43' title="bbox 2177 1221 2242 1271; baseline 0.031 -2"><span class='ocrx_word' id='word_1_227' title='bbox 2177 1221 2242 1271; x_wconf 79' lang='grc'>35</span> 
     </span>
    </p>
   </div>
   <div class='ocr_carea' id='block_1_8' title="bbox 2164 1647 2237 1695">
    <p class='ocr_par' dir='ltr' id='par_1_13' title="bbox 2164 1647 2237 1695">
     <span class='ocr_line' id='line_1_44' title="bbox 2164 1647 2237 1695; baseline 0.014 -1"><span class='ocrx_word' id='word_1_228' title='bbox 2164 1647 2237 1695; x_wconf 77' lang='grc'>40</span> 
     </span>
    </p>
   </div>
   <div class='ocr_carea' id='block_1_9' title="bbox 2071 2072 2241 2143">
    <p class='ocr_par' dir='ltr' id='par_1_14' title="bbox 2071 2072 2241 2143">
     <span class='ocr_line' id='line_1_45' title="bbox 2071 2072 2241 2143; baseline 0.012 -22"><span class='ocrx_word' id='word_1_229' title='bbox 2071 2072 2241 2143; x_wconf 48' lang='grc' dir='ltr'>κ«ιε’.</span> 
     </span>
    </p>
   </div>
   <div class='ocr_carea' id='block_1_10' title="bbox 2171 2492 2243 2544">
    <p class='ocr_par' dir='ltr' id='par_1_15' title="bbox 2171 2492 2243 2544">
     <span class='ocr_line' id='line_1_46' title="bbox 2171 2492 2243 2544; baseline 0 0"><span class='ocrx_word' id='word_1_230' title='bbox 2171 2492 2243 2544; x_wconf 74' lang='grc'>50</span> 
     </span>
    </p>
   </div>
   <div class='ocr_carea' id='block_1_11' title="bbox 2178 3001 2246 3051">
    <p class='ocr_par' dir='ltr' id='par_1_16' title="bbox 2178 3001 2246 3051">
     <span class='ocr_line' id='line_1_47' title="bbox 2178 3001 2246 3051; baseline 0.015 -1"><span class='ocrx_word' id='word_1_231' title='bbox 2178 3001 2246 3051; x_wconf 78' lang='lat'>5⁵</span> 
     </span>
    </p>
   </div>
  </div>
 </body>
</html>
