2492 4092
261 300 360 349 112
1087 303 1409 344 ΕΥΡΙΠΙΔΟΥ

428 447 523 509 καὶ
552 444 621 522 δὴ
652 443 897 524 δέδορκα
924 446 1092 507 τόνδε
1120 448 1236 505 τῶν
1262 440 1532 507 Ἰάσονος

429 527 718 611 στείχοντ’
751 532 1001 592 ὀπαδῶν·
1046 532 1275 604 πνεῦμα
1303 524 1349 588 δ’
1383 525 1763 606 ἠρεθισμένον

425 616 719 679 δείκνυσιν
747 614 823 680 ὥς
852 639 908 676 τι
939 610 1135 676 καινὸν
1163 612 1416 691 ἀγγελεῖ
1440 614 1632 676 κακόν.

254 704 377 765 ΑΓ.
422 698 469 762 ὦ
500 699 692 764 δεινὸν
720 698 892 777 ἔργον
921 693 1258 777 παράνομόν
1287 695 1334 760 τ’
1368 695 1718 778 εἰργασμένη

425 784 677 864 Μήδεια,
709 789 898 864 φεῦγε
928 787 1133 861 φεῦγε,
1165 779 1316 860 μήτε
1344 781 1514 845 ναΐαν

423 867 658 933 λιποῦσ’
693 865 919 944 ἀπήνην
946 865 1076 946 μήτ’
1111 868 1256 948 ὄχον
1283 869 1632 944 πεδοστιβῆ.

255 959 405 1018 ΜΗ.
426 954 487 1016 τί
512 952 558 1015 δ’
590 952 757 1030 ἄξιόν
782 978 883 1031 μοι
912 955 1092 1028 τῆσδε
1120 949 1398 1031 τυγχάνει
1430 953 1622 1031 φυγῆς
1637 975 1658 1032 3

254 1044 374 1103 ΑΓ.
421 1038 650 1102 ὄλωλεν
674 1037 710 1114 ἡ
740 1039 1016 1117 τύραννος
1048 1037 1256 1115 ἀρτίως
1286 1039 1425 1114 κόρη

423 1115 624 1201 Κρέων
654 1121 703 1186 θ’
738 1124 770 1183 ὅ
802 1122 996 1201 φύσας
1027 1117 1348 1201 φαρμάκων
1378 1124 1491 1182 τῶν
1522 1123 1643 1183 σῶν
1672 1119 1807 1182 ὕπο.

255 1212 407 1270 ΜΗ.
429 1205 754 1270 κάλλιστον
778 1208 944 1270 εἶπας
975 1210 1174 1283 μῦθον,
1211 1206 1276 1267 ἐν
1306 1203 1351 1267 δ’
1387 1204 1714 1285 εὐεργέταις

423 1290 491 1353 τὸ
521 1293 734 1355 λοιπὸν
761 1290 869 1369 ἤδη
902 1291 996 1352 καὶ
1026 1292 1226 1370 φίλοις
1258 1291 1418 1370 ἐμοῖς
1449 1289 1593 1352 ἔσει.

255 1380 377 1438 ΑΓ.
422 1377 483 1438 τί
508 1377 626 1462 φῄς
647 1404 666 1455 3
713 1382 952 1457 φρονεῖς
978 1377 1086 1452 μὲν
1116 1377 1261 1453 ὀρθὰ
1292 1378 1393 1439 κού
1421 1373 1852 1456 μαίνειῂγύναι,

423 1462 550 1539 ἥτις
580 1460 874 1542 τυράννων
904 1462 1104 1524 ἑστίαν
1130 1458 1452 1544 ᾐκισμένην

423 1547 651 1627 χαίρεις
680 1547 958 1617 κλύουσα,
994 1546 1095 1608 κοῦ
1126 1551 1318 1623 φοβεῖ
1342 1546 1412 1604 τὰ
1441 1543 1674 1617 τοιάδε;

256 1635 405 1693 ΜΗ.
430 1631 548 1712 ἔχω
579 1657 636 1694 τι
668 1634 826 1711 κάγὼ
855 1636 978 1694 τοῖς
1007 1654 1077 1708 γε
1108 1633 1237 1694 σοῖς
1268 1630 1533 1692 ἐναντιον

425 1717 699 1795 λόγοισιν
729 1718 931 1781 εἰπεῖν·
986 1715 1144 1774 ἀλλὰ
1168 1713 1247 1790 μὴ
1281 1712 1559 1793 σπέρχου,
1594 1714 1788 1791 φίλος,

424 1799 602 1875 λέξον
633 1801 683 1861 δ’
717 1802 872 1862 ὅπως
906 1797 1151 1859 ὤλοντο·
1198 1798 1285 1863 δὶς
1313 1797 1495 1862 τόσον
1522 1802 1633 1876 γὰρ
1664 1793 1737 1857 ἂν

425 1882 703 1963 τέρψειας
732 1884 900 1961 ἡμᾶς,
936 1883 987 1944 εἰ
1016 1884 1255 1945 τεθνᾶσι
1283 1879 1609 1960 παγκάκως.

256 1971 378 2033 ΑΓ.
428 1968 553 2032 ἐπεὶ
581 1968 798 2030 τέκνων
828 1972 952 2031 σῶν
981 1967 1123 2044 ἦλθε
1155 1967 1434 2046 δίπτυχος
1462 1965 1606 2045 γονὴ

430 2052 543 2116 σὺν
572 2053 745 2133 πατρὶ
777 2055 871 2115 καὶ
901 2055 1166 2132 παρῆλθε
1195 2053 1516 2131 νυμφικοὺς
1547 2053 1779 2130 δόμους,

425 2141 695 2218 ἥσθημεν
723 2139 889 2217 οἵπερ
921 2142 1049 2201 σοῖς
1081 2136 1404 2215 ἐκάμνομεν
1435 2144 1630 2201 κακοῖς

430 2225 631 2303 δμῶες·
682 2223 756 2287 δι’
792 2220 954 2285 ὤτων
985 2227 1032 2285 δ’
1068 2222 1233 2287 εὐθὺς
1263 2221 1336 2299 ἦν
1365 2224 1551 2287 πολὺς
1579 2223 1759 2304 λόγος

432 2310 503 2371 σὲ
535 2310 627 2371 καὶ
657 2309 837 2372 πόσιν
867 2309 977 2372 σὸν
1006 2312 1196 2372 νεῖκος
1228 2309 1540 2370 ἔσπεῖο-θαι
1570 2308 1636 2371 τὸ
1664 2307 1817 2385 πρίν.
1872 2386 1881 2394 .

433 2399 595 2456 κυνεῖ
620 2394 672 2456 δ’
705 2395 737 2453 ὃ
763 2392 870 2470 μέν
899 2418 986 2458 τις
1014 2395 1187 2470 χεῖρ’,
1223 2395 1257 2454 ὁ
1290 2396 1354 2454 δε
1385 2391 1599 2467 ξανθὸν
1629 2390 1774 2469 κάρα

432 2478 670 2539 παίδων·
719 2475 833 2556 ἐγὼ
866 2478 929 2537 δὲ
961 2475 1166 2540 καύτὸς
1195 2476 1406 2551 ἡδονῆς
1433 2477 1547 2537 ὕπο
1818 2477 1833 2493 ’

434 2561 650 2641 στέγας
678 2565 966 2640 γυναικῶν
993 2559 1103 2621 σὺν
1132 2558 1353 2624 τέκνοις
1383 2557 1480 2637 ἅμ’
1515 2560 1796 2637 ἑσπόμην.

434 2645 717 2709 δέσποινα
747 2646 799 2707 δ’
828 2642 901 2720 ἣν
932 2649 1034 2706 νῦν
1064 2643 1193 2705 ἀντὶ
1223 2649 1334 2705 σοῦ
1367 2641 1747 2721 θαυμάζομεν,

432 2729 569 2810 πρὶν
594 2732 704 2808 μὲν
731 2752 949 2792 τεκνων
979 2734 1102 2791 σῶν
1132 2730 1375 2792 εἰσιδεῖν
1406 2727 1707 2808 ξυνωρίδα,

433 2817 731 2896 πρόθυμον
760 2813 874 2895 εἶχ’
906 2813 1220 2894 ὀφθαλμὸν
1251 2816 1334 2879 εἷς
1363 2812 1627 2877 Ἰάσονα·
1712 2832 1727 2849 ·

434 2901 638 2964 ἔπειτα
664 2898 862 2979 μέντοι
893 2900 1336 2979 προῦκαλύψατ’
1369 2900 1616 2979 ὄμματα,

435 2984 648 3062 λευκήν
676 2985 730 3046 τ’
763 2983 1092 3064 ἀπέστρεψ’
1124 2985 1376 3061 ἔμπαλιν
1404 2984 1673 3062 παρηΐδα,
1798 3049 1803 3053 ,

435 3071 658 3134 παίδων
688 3069 1041 3150 μυσαχθεῖσ’
1075 3071 1362 3133 εἰσόδους·
1406 3069 1582 3132 πόσις
1613 3069 1674 3129 δὲ
1707 3069 1812 3133 σὸς

438 3156 614 3235 ὀργᾶς
645 3153 859 3237 ἀφῄρει
891 3154 985 3215 καὶ
1016 3151 1277 3218 νεάνιδος
1305 3154 1510 3233 χόλον,

437 3238 631 3318 λέγων
661 3236 810 3301 τάδ’·
848 3240 915 3300 οὐ
944 3237 1022 3317 μὴ
1054 3237 1340 3316 δυσμενὴς
1370 3237 1496 3300 ἔσει
1525 3239 1743 3318 φίλοις,

440 3325 656 3386 παύσει
686 3324 750 3383 δὲ
781 3326 961 3398 θυμοῦ
994 3322 1086 3383 καὶ
1116 3321 1298 3385 πάλιν
1328 3321 1607 3402 στρέψεις
1638 3323 1804 3401 κάρα,

440 3408 652 3488 φίλους
681 3406 977 3484 νομίζουσ)
1012 3408 1230 3487 οὕσπερ
1263 3406 1335 3470 ἂν
1364 3409 1537 3471 πόσις
1568 3407 1760 3485 σέθεν,

439 3491 593 3568 δέξει
624 3493 687 3553 δὲ
716 3496 888 3571 δῶρα,
926 3491 1018 3553 καὶ
1048 3491 1396 3571 παραιτήσει
1425 3491 1641 3571 πατρὸς

440 3579 630 3656 φυγὰς
660 3578 899 3656 ἀφεῖναι
931 3578 1100 3639 παισὶ
1130 3579 1321 3640 τοῖσδ’
1353 3575 1496 3654 ἐμὴν
1523 3575 1699 3657 χάριν
1716 3604 1734 3656 ;

2085 627 2215 675 1126

2085 1046 2215 1095 1125

2085 1469 2224 1516 1130

2093 1891 2228 1941 1135

2096 2318 2228 2364 1140

2102 2739 2232 2786 1145

2104 3163 2232 3209 1150

2105 3589 2232 3637 1155

440 3662 476 3736 ἡ
508 3664 560 3724 δ’
594 3661 669 3728 ὡς
700 3665 892 3725 ἐσεῖδε
922 3663 1162 3741 κόσμον,
1197 3664 1300 3725 οὐκ
1330 3662 1754 3742 ἠνέσχετο,““““
1789 3638 1983 3756 ξκμ
2070 3708 2173 3734 f·-
