2492 4092
267 283 335 337 93
677 298 686 311 ·
1102 286 1424 332 E'rplnmm·

440 428 575 493 ἄλλ’
609 430 669 496 ἐς
697 433 982 494 τοσοῦτον
1007 428 1165 508 ἥκεθ’
1197 429 1339 490 ὥστ’
1370 428 1722 507 ὀρθουμένης

439 515 610 592 εὗνῆς
631 519 901 595 γυναῖκες
927 511 1099 576 πάντ’
1129 513 1293 595 ἔχειν
1319 513 1600 591 νομίζετε,

437 597 515 676 ἢν
542 602 595 662 δ’
626 600 699 662 αὖ
726 599 963 678 γένηται
992 595 1266 678 ξυμφορά
1294 622 1381 663 τις
1412 599 1472 663 ἐς
1500 597 1699 679 λέχος,

435 685 513 746 τὰ
538 685 745 767 λῷστα
771 684 866 746 καὶ
895 683 1192 746 κάλλιστα
1212 684 1626 760 πολεμιώτατα

436 769 693 831 τίθεσθε.
781 770 933 848 χρῆν
959 769 1071 848 γὰρ
1099 766 1358 830 ἄλλοθέν
1385 771 1569 832 ποθεν
1594 771 1849 848 βροτοὺς

435 855 649 917 παῖδας
676 856 1040 924 τεκνοῦσθαι,
1074 854 1223 929 θῆλυ
1254 854 1307 914 δ’
1339 854 1443 916 οὐκ
1472 852 1619 916 εἶναι
1640 854 1833 934 γένος·

436 938 662 1017 χοῦτως
693 937 766 1000 ἂν
793 939 897 1000 οὐκ
925 936 998 1016 ἣν
1026 938 1195 1001 οὐδὲν
1222 937 1551 1015 ἀνθρώποις
1574 940 1795 1015 κακόν.,

265 1020 644 1093 x0.’1a‹rov
680 1022 744 1085 εὖ
772 1023 882 1099 μὲν
910 1023 1104 1086 τούσδ’
1128 1021 1463 1098 ἐκόσμησας
1488 1022 1723 1101 λόγους·

438 1107 595 1183 ὅμως
624 1107 676 1169 δ’
708 1106 926 1187 ἔμοιγε,
961 1110 1049 1169 κεῖ
1076 1108 1232 1186 παρὰ
1259 1106 1500 1186 γνώμην
1530 1109 1661 1186 ἐρῶ,

437 1194 626 1255 δοκεῖς
655 1192 902 1269 προδοὺς
932 1189 1044 1267 σὴν
1066 1192 1290 1274 ἄλοχον
1318 1192 1387 1254 οὗ
1417 1194 1610 1254 δίκαια
1639 1195 1798 1273 δρᾶν.

267 1281 418 1343 ΜΗ.
441 1275 480 1354 ἦ
509 1279 710 1339 πολλὰ
737 1281 984 1341 πολλοῖς
1017 1278 1132 1354 εἶμι
1164 1273 1445 1355 διάφορος
1474 1281 1730 1355 βροτῶν.

438 1361 566 1438 ἐμοὶ
594 1363 706 1441 γὰρ
736 1385 899 1426 οστις
928 1360 1188 1426 ἄδικος
1155 1382 1237 1424 ων
1268 1360 1459 1441 σοφὸς
1488 1359 1690 1440 λέγειν

435 1443 682 1524 πέφυκε,
713 1446 1002 1522 πλείστην
1033 1445 1238 1523 ζημίαν
1268 1444 1640 1525 ὀφλισκάνει·

433 1532 687 1616 γλώσσῃ
716 1532 826 1610 γὰρ
857 1532 1054 1611 αὐχῶν
1080 1530 1263 1592 τᾶδικ’
1292 1530 1356 1592 ευ
1384 1537 1773 1608 περιστελεῖν,

435 1617 628 1695 τολμᾷ
661 1619 1029 1693 πανουργεῖν·
1076 1613 1205 1676 ἔστι
1236 1614 1290 1675 δ’
1322 1612 1426 1675 οὐκ
1454 1613 1607 1692 ἄγαν
1635 1616 1850 1695 σοφός,

431 1697 509 1761 ὦς
540 1698 635 1760 καὶ
665 1698 740 1761 σὺ
770 1724 848 1776 μη
879 1702 983 1760 νῦν
1011 1700 1094 1761 εἷς
1124 1697 1216 1774 ἔμ’
1252 1695 1564 1777 εὐσχήμων
1591 1697 1733 1783 γένῃ
1833 1758 1840 1763 .

433 1780 635 1860 λέγειν
661 1806 727 1843 τε
756 1784 959 1845 δεινός·
1008 1781 1072 1843 ἓν
1098 1783 1211 1861 γὰρ
1241 1782 1463 1842 ἐκτενεῖ
1489 1782 1549 1842 ο)
1584 1761 1743 1846 ἔπος.

429 1867 582 1946 χρῆν
611 1866 691 1936 σ’,
715 1867 877 1945 εἴπερ
904 1863 1061 1942 ἦσθα
1087 1890 1167 1945 μη
1198 1863 1391 1942 κακὸς,
1421 1866 1709 1929 πείσαντά
1735 1892 1812 1946 με

433 1954 646 2028 γαμεῖν
673 1947 864 2029 γάμον
891 1950 1070 2027 τόνδ’,
1101 1950 1261 2011 ἀλλὰ
1287 1950 1368 2027 μη
1398 1951 1536 2035 σιγῇ
1569 1952 1786 2030 φίλων.

267 2040 368 2105 ιΑ.
438 2040 629 2100 καλῶς
655 2036 715 2112 ss
748 2032 821 2096 ἂν
851 2035 954 2097 ουν
980 2059 1080 2113 μοι
1106 2034 1242 2117 τῷδ’
1275 2013 1577 2141 ὖπηρέτειξ
1605 2039 1789 2120 λογῳ
1870 2103 1877 2111 .

436 2121 494 2184 εἴ
518 2145 616 2182 σοι
643 2118 837 2200 γάμον
866 2126 1157 2190 κατεῖπον,
1190 2119 1318 2197 ἥτις
1348 2123 1482 2185 οὐδὲ
1510 2125 1615 2186 νῦν

430 2205 655 2286 τολμᾷς
682 2209 945 2285 μεθεῖναι
976 2205 1209 2284 καρδίας
1236 2203 1425 2285 μέγαν
1452 2206 1656 2287 χόλον.

265 2295 417 2353 MH.
440 2289 508 2352 οὗ
536 2292 711 2352 τοῦτό
741 2290 799 2350 ο)
833 2288 1010 2370 εἶχεν,
1046 2290 1203 2353 ἀλλὰ
1228 2287 1541 2368 βάρβαρον
1569 2288 1749 2372 λέχος

434 2372 579 2452 πρὸς
607 2376 787 2452 γῆρας
818 2375 920 2436 οὐκ
951 2372 1190 2448 εὔδοξον
1218 2370 1493 2449 ἐξέβαινέ
1521 2399 1639 2436 σοι.

257 2461 369 2520 -ῙΑ.
441 2459 504 2518 ευ
533 2481 637 2520 νυν
663 2459 786 2518 τόδ’
818 2460 964 2532 ἴσθι,
993 2481 1073 2533 μη
1103 2456 1375 2534 γυναικὸς
1405 2458 1613 2519 οὕνεκα

434 2541 622 2620 γῆμαί
643 2565 717 2618 με
746 2538 960 2619 λέκτρα
987 2540 1311 2617 βασιλέων,
1346 2538 1385 2600 δι
1414 2544 1517 2604 νῦν
1545 2540 1686 2622 ἔχω,

435 2623 591 2695 ἀλλ’,
628 2626 828 2703 ὥσπερ
860 2623 1027 2686 εἶπον
1056 2624 1149 2685 καὶ
1177 2622 1380 2703 πάρος,
1412 2629 1606 2688 σῶσαι
1635 2627 1827 2689 θέλων

436 2735 508 2774 σε
537 2709 630 2770 καὶ
657 2707 915 2772 τέκνοισι
941 2715 1064 2772 τοῖς
1094 2710 1256 2787 ἐμοῖς
1284 2710 1652 2789 ὁμοσπόρους

437 2798 627 2874 φυσαι
654 2794 965 2874 τυράννους
993 2798 1223 2871 παῖδας,
1254 2793 1437 2875 ἔρυμα
1463 2794 1751 2873 δώμασιν.

264 2884 416 2946 ΜΗ.
442 2877 522 2958 μή
552 2905 652 2956 μοι
681 2878 910 2958 γένοιτο
939 2878 1160 2957 λυπρὸς
1189 2844 1476 2958 εὐδαίμων
1502 2882 1657 2959 βίος,

433 2964 569 3042 μηδ’
600 2964 850 3041 ὅλβος”
815 2988 979 3028 οστις
1008 2988 1114 3040 την
1144 2964 1289 3041 ἐμην
1319 2964 1498 3038 κνίζοι
1528 2963 1739 3043 φρένα.

265 3046 706 3117 1Α.οῖσθ’ὦς
733 3033 993 3125 μετευξει
1025 3048 1119 3110 καὶ
1149 3047 1462 3127 σοφωτέρα
1492 3052 1708 3127 φανεῖ,

435 3134 512 3194 τὰ
538 3137 771 3213 χρηστὰ
797 3130 876 3212 μή
908 3158 1006 3195 σοι
1034 3134 1229 3212 λυπρὰ
1257 3131 1560 3211 φαινέσθω
1589 3154 1754 3210 ποτε,

434 3218 572 3296 μηδ’
605 3218 941 3297 εὐτυχοῦσα
971 3216 1261 3298 δυστυχὴς
1291 3215 1440 3280 ειναι
1466 3217 1643 3280 δόκει.

265 3306 417 3369 Mll.
442 3300 659 3381 ὕβριζ’,
694 3301 891 3379 ἐπειδὴ
922 3302 1018 3364 σοὶ
1047 3305 1155 3379 μὲν
1182 3300 1308 3364 ἔστ’
1341 3298 1707 3382 ἀποστροφὴ,

437 3385 551 3464 ἐγὼ
578 3383 625 3448 δ’
659 3390 869 3464 ἔρημος
898 3385 1072 3461 τήνδε
1097 3383 1390 3464 φεύξομαι
1416 3387 1622 3467 χθόνα.

264 3476 371 3537 lA.
438 3470 582 3548 αὐτὴ
614 3469 737 3533 τάδ’
769 3473 949 3534 εἵλου·
995 3470 1194 3548 μηδέν’
1225 3470 1415 3532 ἄλλον
1443 3473 1626 3533 αἰτιῶ.

264 3560 418 3622 MH.
443 3556 504 3617 τί
528 3559 763 3637 δρῶσα;
808 3561 935 3633 μῶν
960 3560 1234 3633 γαμοΰσα
1265 3555 1358 3616 καὶ
1385 3552 1688 3633 προδοῢσά
1718 3577 1827 3632 σε,

264 3643 373 3704 lA.
441 3642 581 3714 ἆρᾶς
610 3640 908 3720 τυράννοις
939 3639 1210 3705 ἀνοσίους
1240 3637 1525 3720 ἆρωμένη.

2146 527 2249 586 570

2139 953 2246 1007 57⁵

2138 1379 2242 1428 580

2044 1802 2049 1805 “
2135 1795 2242 1846 585

2135 2218 2243 2274 590

2135 2641 2239 2695 595

2129 3050 2235 3102 600
