2492 4092
259 282 324 337 84
1093 287 1412 332 mvmmo'r

429 418 535 483 τὸν
562 418 753 484 πάντα
782 419 1150 498 συντήκουσα
1177 420 1443 499 δακρύοις
1470 420 1706 502 χρόνον,

431 505 561 568 ἐπεὶ
588 506 731 584 πρὸς
760 505 965 584 ἀνδρὸς
991 503 1190 589 ᾔσθετ’
1222 505 1553 583 ἠδικημένη,

431 590 548 653 οὔτ’
580 591 716 669 ὄμμ’
745 591 1042 669 ἐπαίρουσ’
1065 589 1185 652 οὔτ’
1217 587 1696 653 ἆπαλλάσσουσα
1722 593 1830 668 γῆς

428 675 763 754 πρόσωπον·
812 676 888 739 ὥς
918 675 982 735 δὲ
1011 675 1219 753 πέτρος
1246 672 1284 750 ἢ
1315 672 1644 741 θαλάσσιος

434 759 720 824 κλύδων
690 760 886 823 ακούει
915 756 1333 838 νουθετουμένη
1364 761 1578 838 φίλων,

423 842 497 919 ἣν
524 842 603 920 μή
634 867 775 906 ποτε
805 842 1120 925 στρέψασα
1149 841 1483 907 πάλλευκον
1510 846 1683 923 δέρην

427 927 573 1004 αὐτὴ
603 929 747 1008 πρὸς
775 928 956 1005 αὐτὴν
982 929 1182 1009 πατέρ’
1214 927 1514 1012 ἆποιμώζῃ
1547 932 1729 1008 φίλον

428 1012 522 1073 καὶ
549 1017 725 1090 γαῖαν
752 1015 943 1078 οἴκους
972 1015 1043 1084 θ’,
1075 1011 1173 1078 οὓς
1200 1013 1482 1091 προδοῦσ’
1514 1013 1757 1091 ἀφίκετο

425 1097 551 1174 μετ’
584 1096 854 1176 ἀνδρὸς”
820 1122 884 1162 ος
915 1103 1038 1176 σφε
1065 1101 1169 1160 νῦν
1196 1094 1486 1174 ἀτιμάσας
1515 1097 1658 1177 ἔχει.

427 1180 646 1260 ἔγνωκε
675 1179 722 1242 δ’
754 1180 791 1256 ἡ
821 1179 1070 1244 τάλαινα
1099 1183 1471 1261 συμφορᾶς”
1434 1206 1548 1244 υπο

427 1267 553 1329 οἷον
580 1262 848 1348 πατρῴας
875 1264 956 1342 μὴ
986 1265 1413 1330 ἀπολείπεσθαι
1441 1267 1671 1346 χθονός.

426 1356 635 1430 στυγεῖ
659 1355 723 1414 δὲ
752 1354 961 1415 παῖδας
992 1350 1114 1414 οὐδ’
1147 1350 1324 1429 ὁρῶσ)
1356 1349 1749 1430 εὐφραίνεται.

422 1437 651 1499 δέδοικα
680 1433 728 1497 δ’
762 1433 939 1511 αὐτὴν
964 1433 1045 1514 μή
1073 1459 1130 1496 τι
1157 1434 1460 1519 βουλεύση
1491 1433 1640 1498 νέον·

420 1526 636 1599 βαρεῖα
662 1521 774 1599 γὰρ
804 1519 977 1599 φρὴν,
1014 1519 1133 1582 οὐδ’
1166 1496 1439 1595 ἀνέξεται
1464 1523 1648 1584 κακῶς

355 1670 360 1676 ,
420 1604 743 1686 πάσχουσ’·
787 1601 979 1686 ἐγῷδα
1007 1602 1076 1679 τή
1176 1606 1502 1681 ,δειμαίνω
1532 1601 1597 1664 τέ
1625 1626 1717 1665 νιν

418 1715 498 1768 μη
529 1689 806 1766 θηκτὸν*ν
768 1713 892 1772 ωσῃ
925 1686 1094 1767 φάσγ
1166 1713 1233 1749 ον
1263 1689 1336 1750 δι’
1370 1688 1603 1764 ἥπατος,

427 1775 594 1885 [σιγῆ
624 1773 832 1851 δόμους
862 1773 1103 1851 ἕσβᾶσζ
1133 1773 1207 1836 ἵν’
1239 1771 1523 1850 ἔστρωται
1551 1770 1782 1852 λέχος.]

417 1858 456 1936 ἢ
486 1838 579 1919 και
607 1859 884 1936 τύραννον
910 1859 1015 1922 τόν
1041 1884 1107 1923 τε
1131 1855 1397 1938 γήμαντα
1426 1855 1623 1966 κτάνῃ,

418 1944 664 2006 κᾶπειτα
691 1940 865 2021 μείζω
898 1940 1200 2022 ξυμφορὰν
1231 1940 1393 2026 λάβῃ
1422 1941 1572 2007 τινά·

418 2029 576 2107 δεινὴ
605 2029 739 2109 γὰρ·
785 2029 944 2091 ούτοι
971 2029 1182 2111 ῥαδίως
1210 2052 1284 2107 γε
1312 2004 1639 2107 συμβαλὼν

416 2113 633 2195 ἔχθραν
661 2138 748 2178 τις
778 2109 923 2199 αὐτῆ
953 2110 1358 2177 καλλίνικον
1318 2137 1549 2195 ασεται.

415 2199 548 2261 ἀλλ’
580 2200 701 2262 οἵδε
729 2203 931 2263 παῖδες
962 2199 1024 2261 ἐκ
1053 2200 1283 2278 τρόχων
1310 2196 1668 2277 πεπαυμένοι

414 2284 735 2365 στείχουσι,
770 2281 985 2363 μητρὸς
1014 2285 1181 2347 οὐδὲν
1209 2283 1574 2362 ἐννοούμενοι

414 2373 619 2439 κακῶν,
656 2365 757 2430 νέα
784 2372 897 2450 γὰρ
929 2367 1165 2447 φροντὶς
1195 2369 1299 2430 οὐκ
1330 2367 1537 2445 ἇλγεΐν
1566 2373 1751 2445 φιλεῖ.

244 2457 302 2517 Π
311 2456 378 2513 Α
411 2451 666 2515 παλαιὸν
694 2453 868 2513 οἴκων
898 2454 1084 2528 κτῆμα
1113 2451 1423 2527 δεσποίνης
1453 2453 1611 2526 ἐμῆς,

411 2535 473 2596 τί
495 2534 640 2615 πρὸς
667 2536 913 2598 πύλαισι
941 2531 1094 2609 τήνδ’
1130 2536 1337 2614 ἅγουσ’
1369 2535 1612 2613 ἐρημίαν
1677 2548 1678 2551 ’

412 2618 679 2697 ἕστηκας,
713 2618 857 2696 αὐτὴ
889 2619 1166 2698 θρεομένη
1195 2615 1382 2703 σαυτῇ
1412 2616 1593 2695 κακά;

411 2711 532 2770 πῶς
563 2709 673 2766 σοῦ
702 2705 849 2783 μόνη
881 2702 1114 2780 Μήδεια
1142 2704 1452 2766 λείπεσθαι
1482 2702 1678 2781 θέλει;

238 2794 359 2853 ΤΡ.
406 2788 623 2853 τέκνων
653 2791 836 2852 ὀπαδὲ
863 2791 1098 2869 πρέσβυ
1127 2793 1243 2853 τῶν
1269 2786 1553 2867 Ἰάσονος,

409 2881 723 2956 χρηστοῖσι
753 2876 986 2940 δούλοις
1015 2872 1287 2954 ξυμφορὰ
1314 2876 1387 2935 τὰ
1411 2878 1721 2936 δεσποτῶν

410 2966 593 3024 κακῶς
622 2960 897 3021 πίτνοντα
928 2961 1020 3022 καὶ
1050 2965 1282 3036 φρενῶν
1310 2956 1680 3021 ἆνθάπτεται.

411 3045 526 3123 ἐγὼ
556 3045 668 3123 γὰρ
698 3046 755 3109 ές
784 3048 922 3104 τοῦτ
951 3041 1229 3118 έκβέβηκ’
1254 3041 1579 3119 ἀλγηδόνος

411 3128 550 3189 ὥσθ’
582 3129 777 3207 ιμερός
804 3132 863 3204 μ’
893 3129 1118 3203 ὑπῆλθε
1145 3125 1220 3210 γῇ
1247 3148 1314 3186 τε
1345 3120 1602 3205 κούρανῷ

411 3210 578 3288 λέξαι
604 3214 872 3294 μολούσῃ
902 3216 1067 3291 δεῦρο
1099 3188 1409 3285 δεσποίνης
1436 3209 1631 3290 τύχας

240 3301 373 3361 HA.
407 3296 564 3359 omno
594 3298 706 3375 γὰρ
733 3295 770 3371 ἡ
800 3296 1049 3357 τάλαινα
1075 3296 1319 3358 παύεται
1345 3292 1543 3373 γόων;

234 3386 354 3444 ΤΡ.
404 3381 557 3458 ζηλῶ
589 3379 665 3440 σ’·
712 3380 776 3440 ἐν
806 3376 956 3484 ἀρχῇ
983 3382 1146 3454 πῆμα
1177 3379 1438 3440 κούδέπω
1467 3382 1661 3455 μεσοΐ.

238 3470 374 3535 HA.
406 3491 451 3525 ω
481 3471 690 3544 μῶρος,
723 3467 775 3526 εἰ
802 3461 915 3545 χρὴ
946 3465 1235 3527 δεσπότας
1265 3464 1477 3563 εἰπεῖν,Δ
1477 3462 1629 3524 τόδε·

12 3516 13 3549 ÷
409 3548 486 3613 ὦς
517 3550 684 3613 οὐδὲν
712 3546 835 3613 οἶδε
863 3551 978 3611 τῶν
1007 3546 1300 3624 νεωτέρων
1331 3546 1538 3607 κακῶν.

11 3552 209 4022 h
234 3637 352 3695 TP.
400 3633 462 3694 τί
487 3632 536 3692 δ’
568 3635 750 3703 ἔστιν,
785 3630 830 3692 ὠ
859 3628 1088 3710 γεραιέ·
1073 3681 1089 3707 ,
1133 3654 1213 3707 μη
1244 3630 1452 3707 φθόνει
1482 3628 1727 3709 φράσαι.

2170 442 2236 488 2⁵

2160 861 2232 908 30

2156 1282 2224 1327 35

2147 1701 2223 1747 40

2147 2131 2216 2177 45

2091 2936 2274 3019 ⁶55.
