2492 4092
249 325 272 373 1
286 325 341 371 10
1076 328 1399 372 ΕΥΡΙΠΙΔΟΥ

413 473 560 534 αἰαῖ·
603 497 661 534 τι
690 472 889 552 δράσω
912 497 929 551 ;
959 473 1162 552 καρδία
1189 475 1303 551 γᾶρ
1334 472 1579 554 οἴχεται,

412 562 701 637 γυναῖκες,
732 558 890 635 ὄμμα
919 555 1168 637 φαιδρὸν
1198 559 1274 621 ὡς
1309 557 1466 631 εἶδον
1493 556 1731 622 τέκνων.

412 642 515 705 οὗκ
545 641 618 706 ἂν
648 642 948 719 δυναίμην·
990 640 1242 724 χαιρέτω
1270 642 1653 721 βουλεύματα

411 729 484 789 τὰ
513 730 788 807 πρόσθεν·
834 725 956 803 ἄξω
983 732 1197 793 παῖδας
1228 728 1293 789 ἐκ
1320 729 1493 807 γαίας
1521 729 1715 806 ἐμούς.
2081 747 2213 799 1045

411 813 473 874 τί
497 815 589 875 δεῖ
611 836 686 889 με
713 811 935 890 πατέρα
963 816 1146 883 τῶνδε
1173 817 1298 877 τοῖς
1328 812 1548 876 τούτων
1579 820 1775 882 κακοῖς

411 901 718 959 λυποῦσαν
747 895 927 974 αὐτὴν
956 897 1043 971 δὶς
1071 898 1224 959 τόσα
1252 900 1501 960 κτᾶσθαι
1528 898 1678 960 κακά
1697 927 1719 978 3

409 981 478 1043 οὗ
508 981 630 1058 δῆτ’
664 980 870 1061 ἔγωγε.
958 981 1209 1063 χαιρέτω
1238 983 1641 1060 βουλεύματα.

410 1066 595 1129 καίτοι
623 1068 685 1128 τί
710 1065 923 1148 πάσχω
949 1091 965 1145 ;
1008 1067 1308 1144 βούλομαι
1337 1067 1547 1144 γέλωτ’
1579 1068 1797 1147 ὀφλεῖν

289 1190 300 1201 ,
410 1152 656 1232 ἐχθροὺς
684 1155 931 1231 μεθεῖσα
959 1153 1092 1216 τοὺς
1123 1153 1295 1229 ἐμοὺς
1326 1150 1598 1229 ἀζημίους
1623 1180 1638 1225 ;
1888 1172 1895 1179 ’
2069 1168 2219 1229 1050

409 1235 734 1314 τολμητέον
761 1237 908 1299 τάδ’.
1000 1238 1159 1299 ἀλλὰ
1185 1239 1291 1313 τῆς
1322 1238 1461 1314 ἐμῆς
1497 1236 1691 1316 κάκης,

409 1319 476 1383 τὸ
509 1323 603 1384 καὶ
630 1320 919 1406 προέσθαι
946 1323 1283 1400 μαλθακοὺς
1311 1324 1527 1402 λόγους
1557 1328 1747 1403 φρενί.

407 1411 675 1488 χωρεῖτε,
706 1411 926 1479 παῖδες,
955 1409 1015 1472 ἐς
1045 1409 1275 1485 δόμους·
1323 1408 1435 1490 ὅτῳ
1469 1411 1534 1471 δὲ
1557 1409 1639 1486 μὴ

410 1491 572 1569 θέμις
599 1497 870 1571 παρεῖναι
898 1499 1022 1557 τοῖς
1052 1493 1247 1569 ἐμοῖσι
1278 1492 1547 1570 θύμασιν,

411 1577 565 1661 αὐτῷ
597 1574 869 1654 μελήσει·
911 1581 1085 1658 χεῖρα
1114 1577 1166 1637 δ’
1199 1579 1268 1639 οὗ
1298 1580 1613 1658 διαφθερῶ.
2079 1576 2240 1646 1055'

376 1731 487 1822 ’μὴ
517 1748 679 1822 δῆτα,
715 1749 877 1827 θυμὲ,
906 1744 988 1822 μὴ
1020 1745 1096 1807 σύ
1122 1746 1180 1824 γ’
1214 1744 1434 1831 ἐργάσῃ
1465 1746 1621 1810 τάδε·

408 1830 591 1893 ἔασον
619 1829 844 1901 αὐτοὺς,
880 1827 926 1891 ὦ
957 1828 1161 1898 τάλαν,
1196 1835 1405 1908 φεῖσαι
1434 1831 1674 1896 τέκνων·

407 1917 533 1979 ἐκεῖ
553 1914 683 1991 μεθ’
714 1917 873 1994 ἡμῶν
904 1914 1112 1989 ζῶντες
1143 1916 1509 1994 εὖφρανοΰσί
1533 1941 1622 1979 σε.

406 1999 489 2077 μᾶ
516 1999 650 2065 τοὺς
679 2002 817 2080 παρ’
839 1999 1016 2084 Ἀιδῃ
1047 1999 1345 2080 νερτέρους
1376 1997 1728 2081 ἀλάστορας,
1758 2034 1761 2039 ·

410 2085 571 2147 οὔτοι
600 2087 733 2147 ποτ’
764 2086 935 2148 ἔσται
963 2087 1124 2148 τοῦθ’
1157 2088 1316 2151 ὅπως
1347 2088 1578 2166 ἐχθροῖς
1609 2089 1723 2167 ἐγὼ
2074 2102 2211 2154 1060

409 2174 622 2236 παῖδας
649 2171 897 2252 παρήσω
929 2171 1063 2235 τοὺς
1093 2171 1267 2248 ἐμοὺς
1298 2174 1667 2252 καθυβρίσαι·

410 2253 642 2321 πάντως
672 2261 780 2337 σφ’
811 2255 1035 2336 ἀνάγκη
1068 2262 1394 2320 κατθανεῖν·
1441 2259 1566 2321 ἐπεὶ
1597 2262 1661 2321 δὲ
1689 2257 1823 2339 χρὴ,

410 2339 581 2418 ἡμεῖς
612 2347 944 2420 κτενοῦμεν,
979 2342 1145 2419 οἵπερ
1178 2339 1567 2422 ἐξεφύσαμεν.

408 2423 639 2491 πάντως
666 2426 964 2503 πέπρωται
992 2430 1173 2486 ταῦτα
1205 2428 1343 2488 κούκ
1375 2425 1742 2505 ἐκφεύξεται.

413 2510 508 2571 καὶ
537 2508 607 2584 δὴ
636 2509 725 2570 ’πὶ
754 2509 917 2590 κρατὶ
949 2506 1263 2586 στέφανος,
1296 2511 1360 2570 ἐν
1388 2511 1680 2572 πέπλοισί
1702 2535 1768 2574 τε
2018 2584 2025 2589 ,
2077 2523 2209 2578 1065
2259 2525 2266 2531 ’

412 2594 610 2671 νύμφη
642 2594 919 2672 τύραννος
950 2594 1214 2669 ὄλλυται,
1253 2593 1405 2673 σάφ’
1436 2595 1546 2656 οἶδ’
1580 2595 1716 2674 ἐγώ.

409 2679 545 2741 ἀλλ’
576 2677 691 2755 εἶμι
719 2681 831 2760 γὰρ
862 2679 933 2757 δὴ
960 2677 1442 2756 τλημονεστάτην
1473 2679 1627 2751 ὁδὸν,

414 2764 507 2826 καὶ
535 2763 748 2827 τούσδε
774 2762 993 2844 πέμψω
1023 2764 1496 2844 τλημονεστέραν
1524 2764 1629 2836 ἔτι,

409 2850 623 2915 παῖδας
650 2856 995 2929 προσειπεῖν
1020 2849 1341 2928 βούλομαι.
1429 2851 1569 2922 δότ’,
1606 2850 1651 2912 ὦ
1682 2851 1876 2923 τέκνα,

410 2930 529 2996 δότ’
564 2932 951 2997 ἀσπάσασθαι
979 2933 1150 3013 μητρὶ
1173 2934 1375 3011 δεξιὰν
1402 2936 1565 3016 χέρα.
1880 2946 1967 3031 0
2078 2948 2213 3005 1070

414 3016 461 3078 ὦ
493 3018 751 3097 φιλτάτη
782 3019 932 3099 χεὶρ,
965 3022 1257 3098 φίλτατον
1285 3018 1350 3081 δέ
1375 3044 1476 3097 μοι
1507 3022 1716 3097 στόμα,

412 3101 507 3164 καὶ
536 3107 741 3185 σχῆμα
761 3105 865 3167 καὶ
894 3107 1213 3182 πρόσωπον
1243 3106 1476 3183 εὐγενὲς
1506 3103 1739 3182 τέκνων,

414 3189 868 3265 εὖδαιμονοῖτον,
905 3189 1043 3249 ἀλλ’
1075 3189 1213 3251 ἐκεῖ·
1261 3192 1335 3251 τὰ
1366 3190 1416 3252 δ’
1449 3188 1654 3252 ἐνθάδε

411 3269 602 3352 πατὴρ
625 3273 911 3352 ἀφειλετῆ
1003 3270 1050 3334 ὦ
1078 3279 1327 3353 γλυκεῖα
1355 3274 1691 3353 προσβολὴ,

412 3352 459 3418 ὦ
487 3355 788 3434 μαλθακὸς
816 3358 973 3438 χρὼς
1003 3357 1230 3437 πνεῦμά
1256 3362 1314 3419 θ’
1343 3361 1585 3438 ἥδιστον
1612 3359 1849 3424 τέκνων.
2081 3370 2212 3427 1075

412 3447 662 3521 χωρεῖτε
688 3444 945 3523 χωρεῖτ’·
991 3441 1178 3506 οὐκέτ’
1213 3446 1330 3521 εἰμὶ
1359 3445 1768 3525 προσβλέπειν

415 3528 511 3588 οἵα
538 3527 591 3588 τ’
625 3529 685 3594 ἐς
712 3531 877 3606 ὑμᾶς,
914 3528 1072 3589 ἀλλὰ
1101 3534 1346 3606 νικῶμαι
1379 3536 1593 3595 κακοῖς.

414 3611 507 3671 καὶ
536 3611 810 3690 μανθάνω
837 3612 945 3692 μὲν
974 3612 1071 3676 οἷα
1099 3615 1240 3691 δρᾶν
1268 3612 1474 3690 μέλλω
1506 3613 1672 3677 κακά·

416 3694 592 3772 θυμὸς
622 3698 687 3758 δὲ
716 3699 1007 3776 κρείσσων
1040 3703 1153 3763 τῶν
1181 3699 1336 3777 ἐμῶν
1362 3700 1810 3780 βουλευμάτων,
