2492 4092
1135 288 1392 332 ΜΗΔΕΙΑ.
2188 284 2256 332 99

277 433 427 494 ΜΗ.
453 428 547 492 καὶ
577 432 706 494 σοῖς
735 428 908 508 ἀραία
935 430 992 511 γ’
1025 428 1177 490 οὖσα
1205 425 1476 508 τυγχάνω
1506 427 1723 506 δόμοις.

277 516 379 576 ῙΑ.
450 511 526 578 ὦς
556 513 624 575 οὗ
655 519 956 593 κρινοῦμαι
989 510 1171 574 τῶνδέ
1200 536 1298 574 σοι
1326 513 1400 574 τὰ
1430 513 1695 576 πλείονα.

443 596 585 660 ἀλλ’
617 600 673 662 εἴ
698 623 755 660 τι
782 599 992 675 βούλει
1020 597 1227 661 παισὶν
1255 595 1290 673 ἢ
1323 599 1506 681 σαυτῇ
1538 599 1730 676 φυγῆς
2142 605 2253 660 610

444 681 895 762 προσωφέλημα
920 679 1238 762 χρημάτων
1268 682 1421 760 ἐμῶν
1448 686 1686 760 λαβεῖν,

444 765 604 846 λέγ’·
649 768 725 832 ὡς
753 766 982 844 ἕτοιμος
1010 766 1250 848 ἀφθόνῳ
1283 769 1482 828 δοῦναι
1510 766 1663 845 χερὶ,

442 848 629 926 ξένοις
657 875 722 915 τε
751 851 1000 929 πέμπειν
1029 849 1304 929 ξύμβολᾎ
1335 848 1392 912 οἳ
1406 847 1714 959 δράσουσί
1736 851 1797 912 σ’
1831 851 1913 914 ευ.

443 935 539 999 καὶ
568 940 750 998 ταῦτα
777 935 856 1014 μὴ
889 934 1145 998 θέλουσα
1171 940 1479 1013 μωρανεῖς,
1508 934 1699 1013 γύναι·

441 1017 679 1097 λήξασα
707 1023 760 1082 δ’
793 1023 968 1102 ὀργῆς
999 1023 1290 1097 κερδανεῖς
1318 1019 1612 1097 ἀμείνονα.
2143 1033 2250 1084 615

274 1106 424 1166 ΜΗ.
449 1105 570 1166 οὔτ’
603 1103 676 1166 ἂν
705 1103 926 1181 ξένοισι
956 1109 1113 1166 τοῖσι
1144 1109 1273 1170 σοῖς
1302 1104 1653 1184 χρησαίμεθ’
1683 1103 1775 1177 ἂν,

442 1188 562 1250 οὔτ’
595 1190 666 1252 ἄν
694 1214 750 1251 τι
780 1187 1151 1265 δεξαίμεσθα,
1184 1191 1320 1265 μηδ’
1351 1188 1489 1266 ἡμῖν
1518 1192 1700 1251 δίδου·

442 1277 620 1334 κακοῦ
648 1275 760 1353 γὰρ
790 1271 996 1351 ἀνδρὸς
1027 1273 1161 1349 δῶρ’
1196 1273 1402 1347 ὄνησιν
1430 1272 1533 1333 οὐκ
1563 1272 1708 1355 ἔχει.

272 1359 374 1417 ΙΑ.
445 1355 585 1417 ἀλλ’
618 1357 721 1421 οὖν
751 1357 864 1437 ἐγὼ
894 1357 1003 1433 μὲν
1031 1357 1309 1433 δαίμονας
1334 1356 1710 1435 μαρτύρομαι,

441 1439 523 1504 ὡς·
548 1438 721 1503 πάνθ’
752 1442 1065 1520 ὑπουργεῖν
1096 1444 1197 1502 σοί
1221 1464 1286 1503 τε
1317 1441 1407 1501 καὶ
1438 1439 1660 1506 τέκνοις
1690 1440 1865 1503 θέλω·
2136 1452 2255 1504 620

440 1523 538 1587 σοὶ
567 1525 619 1586 δ’
652 1525 753 1587 οὔκ
785 1525 1017 1604 ἀρέσκει
1044 1524 1275 1602 τάγάθ’,
1307 1525 1445 1586 ἀλλ’
1478 1525 1722 1604 αὐθαδίᾳ

439 1610 652 1687 φίλους
682 1612 930 1672 ἀπωθεῖ·
975 1611 1177 1687 τοιγὰρ
1206 1609 1457 1688 ἆλγυνεῖ
1480 1609 1681 1672 πλέον.

269 1697 419 1754 ΜΗ.
442 1695 646 1774 χώρει·
688 1697 849 1776 πάθω
878 1696 990 1774 γὰρ
1020 1696 1122 1769 τῆς
1150 1692 1470 1771 νεοδμήτου
1501 1697 1673 1775 κόρης

438 1782 607 1859 αἱρεῖ,
636 1780 919 1859 χρονίζων
949 1776 1229 1856 δωμάτων
1259 1778 1524 1855 ἐξώπιος·

437 1862 704 1943 vffmpev’·
746 1867 891 1929 ἴσως
919 1866 1049 1941 γὰρ,
1084 1861 1190 1939 ξὺν
1218 1865 1333 1947 θεῷ
1366 1865 1418 1925 δ’
1449 1862 1764 1942 εἰρήσεται,
1884 1863 1893 1871 ’
2142 1875 2251 1929 625

440 1952 643 2025 γαμεῖς
672 1953 937 2012 τοιοῦτον
966 1949 1121 2012 ὥστε
1152 1951 1208 2008 σ’
1240 1948 1542 2026 ἀρνεῖσθαι
1571 1946 1779 2029 γάμον.

1151 2048 1255 2093 στρ.
1288 2030 1345 2080 α’.

266 2113 402 2170 XO.
437 2108 704 2189 ἔρωτες”
672 2111 818 2190 ὐπέρ
845 2112 954 2188 μὲν
984 2112 1134 2189 ἄγαν
1164 2112 1435 2174 ἐλθόντες
1464 2112 1567 2175 οὐκ
1598 2109 1863 2188 εὐδοξίαν

437 2196 560 2257 οὐδ’
592 2195 801 2274 ἆρετᾶν
828 2194 1169 2272 παρέδωκαν

437 2280 737 2359 ἀνδράσιν
783 2281 836 2343 εἷ
865 2280 916 2340 δ’
950 2279 1083 2344 ἅλις
1119 2279 1286 2342 ἔλθοι
2138 2295 2256 2347 630

435 2364 682 2442 Κύπρις,
714 2363 817 2426 οὐκ
845 2363 1005 2425 ἄλλα
1034 2362 1166 2427 θεὸς
1196 2363 1431 2444 εὔχαρις
1460 2388 1630 2426 ουτω.

434 2446 671 2524 μήποτ’,
706 2473 751 2508 ω
784 2447 1066 2519 δέσποιν’,
1102 2451 1191 2509 ἐπ’
1224 2449 1354 2527 ἐμοὶ
1381 2447 1650 2530 χρυσέων
1678 2449 1869 2528 τόξων
1897 2452 2101 2533 έφείης

438 2530 612 2615 ἱμέρῳ
642 2532 887 2613 xpiane-³
918 2533 1178 2663 ἅφυκτΞν
1204 2535 1425 2597 οἰστόν.

1142 2635 1214 2664 νιτ
1200 2632 1319 2678 ι.στρ
1342 2617 1387 2664 α’

435 2692 543 2755 στ’
617 2719 673 2756 οι
729 2695 795 2756 δέ
848 2720 922 2774 με
981 2698 1360 2773 σωφροσύνα,
1415 2698 1650 2779 δώρημα
1702 2701 2026 2765 κάλλιστον

558 2782 688 2842 εῶν·
2049 2794 2169 2854 635,
2202 2795 2250 2847 6·

428 2859 580 2939 μηδέ
605 2860 732 2924 ποτ’
766 2861 1134 2941 ἆμφιλόγους
1164 2865 1259 2943 ὁρ-

431 2949 542 3026 γᾶς
570 2942 860 3009 ἆκόοεστά
888 2972 954 3010 τε
983 2947 1143 3024 νείκη

433 3028 617 3108 θυμὸν
645 3030 969 3110 ἑκπλήξασ’
1001 3030 1217 3111 ἑτέροις
1249 3033 1343 3094 ἐπὶ
1373 3033 1639 3117 λέκτροις

314 3140 317 3144 Α
432 3113 772 3195 προσβάλοι
803 3119 963 3182 δεινᾶ
991 3116 1235 3197 Κύπρις,
1272 3118 1636 3199 ἀπτολέμους
1666 3121 1719 3183 δ’
1751 3120 1917 3189 εὐνὸς
1946 3145 2047 3186 σε·
2250 3164 2257 3171 -

515 3200 749 3276 βίζουθ
2042 3217 2166 3279 640,
2201 3221 2237 3271 ι

432 3281 705 3366 ὄξύφρων
734 3285 916 3364 κρίνοι
942 3285 1092 3370 λέχη
1123 3293 1427 3421 γυναιβιιεῶν.

1153 3389 1257 3433 στρ.

431 3473 479 3508 ω
477 3449 729 3554 πατρὶς,
763 3477 809 3511 ω
838 3451 1000 3530 δῶμά
1028 3452 1140 3513 τ”
1114 3452 1273 3531 εμὸν,

429 3555 509 3607 μη
538 3532 661 3609 δῆτ’
691 3534 902 3601 ἄπολις
929 3540 1207 3617 γενοίμαν

430 3614 536 3682 τὸν
562 3617 950 3698 ἀμαχανίας”
919 3646 1144 3703 εχουσα
1173 3623 1536 3707 δυσπέρατον
1566 3626 1727 3689 αἰῶν’
2036 3637 2158 3700 645,
2192 3637 2232 3690 6

1934 3738 2030 3786 1³2
