2492 4092
1068 331 1396 376 ΕΥΡΙΠΙΔΟΥ

409 469 618 530 τοῦτον
648 466 986 529 κατέκτειν’·
1030 462 1156 526 ἄνθ’
1178 465 1317 526 ὅτου
1346 461 1394 525 δ’
1432 461 1661 529 ἔκτεινά
1689 487 1800 541 νιν,

408 549 682 627 ἄκουσον,
714 550 791 616 ὣς
821 549 884 611 εὖ
915 548 1010 610 καὶ
1042 550 1206 633 σοφῇ
1241 549 1551 631 προμηθίᾳ·

409 635 614 701 ἔδεισα
640 635 721 713 μὴ
753 633 850 697 σοὶ
880 632 1163 712 πολέμιος
1192 633 1463 714 λειφθεὶς
1494 636 1525 695 ὁ
1556 639 1697 700 παῖς

408 722 631 801 Τροίαν
658 719 907 805 ἀθροίσῃ
938 720 1032 781 καὶ
1062 717 1362 803 ξυνοικίσῃ
1392 716 1594 798 πάλιν,

409 806 651 887 γνόντες
680 808 729 867 δ’
761 804 996 884 Ἀχαιοὶ
1028 804 1215 879 ζῶντα
1244 808 1587 884 Πριαμιδῶν
1615 826 1746 868 τινα

412 895 665 971 Φρυγῶν
695 890 755 954 ἐς
786 887 922 952 αἶαν
951 891 1118 954 αὖθις
1148 888 1351 971 ἄρειαν
1380 890 1619 960 στόλον,

412 975 658 1039 κᾶπειτα
687 972 924 1059 Θρῄκης
954 975 1126 1037 πεδία
1155 975 1417 1053 τρίβοιεν
1444 974 1586 1037 τάδε

408 1066 852 1136 λεηλατοῦντες,
886 1060 1149 1139 γείτοσιν
1178 1062 1228 1120 δ’
1262 1061 1348 1134 εἵη
1382 1057 1562 1121 κακὸν

409 1145 648 1225 Τρώων,
684 1147 749 1207 ἐν
778 1141 934 1228 ᾧπερ
965 1147 1089 1220 νῦν,
1120 1143 1286 1221 ἄναξ,
1318 1141 1660 1224 ἐκάμνομεν.

419 1228 653 1307 Ἐκάβη
685 1233 750 1294 δὲ
777 1229 987 1295 παιδὸς
1013 1233 1243 1308 γνοῦσα
1274 1226 1602 1307 θανάσιμον
1628 1230 1831 1310 μόρον,

411 1315 575 1399 λόγῳ
604 1340 680 1393 με
708 1315 899 1397 τοιῷδ’
928 1311 1119 1394 ἤγαγ’,
1155 1315 1231 1378 ὡς
1264 1315 1657 1394 κεκρυμμένας

412 1399 590 1478 θήκας
621 1399 938 1480 φράσουσα
968 1403 1312 1479 Πριαμιδῶν
1341 1400 1406 1464 ἐν
1436 1399 1592 1484 Ἰλίῳ

412 1492 658 1567 χρυσοῦ·
689 1487 869 1564 μόνον
898 1487 961 1547 δὲ
992 1486 1104 1549 σὺν
1131 1483 1398 1548 τέκνοισί
1419 1488 1478 1563 μ’
1508 1483 1739 1565 εἰσάγει

413 1573 645 1651 δόμους,
679 1568 749 1634 ἵν’
784 1570 971 1634 ἄλλος
995 1568 1077 1646 μή
1107 1593 1197 1633 τις
1228 1568 1406 1645 εἰδείη
1437 1565 1595 1632 τάδε.

413 1656 518 1731 ἵζω
548 1660 611 1719 δὲ
642 1655 843 1731 κλίνης
874 1656 940 1716 ἐν
966 1652 1130 1737 μέσῳ
1162 1651 1403 1733 κάμψας
1432 1653 1599 1732 γόνυ·

414 1740 640 1804 πολλαὶ
668 1743 732 1803 δὲ
760 1737 959 1819 χειρὸς
988 1739 1050 1799 αἱ
1077 1740 1187 1816 μὲν
1216 1737 1288 1813 ἐξ
1313 1738 1643 1817 ἀριστερᾶς,

418 1827 480 1887 αἱ
509 1829 556 1887 δ’
586 1824 771 1893 ἔνθεν,
807 1822 883 1888 ὦς
913 1821 981 1901 δὴ
1013 1827 1171 1902 παρὰ
1202 1824 1380 1906 φίλῳ,
1413 1824 1635 1903 Τρώων
1665 1823 1829 1904 κόραι

416 1908 648 1980 θάκουν,
684 1910 930 1992 ἔχουσαι
961 1908 1170 1987 κερκίδ’
1200 1909 1474 1986 Ἢδωνῆς
1501 1909 1695 1990 χερὸς,

414 1992 595 2081 ᾔνουν
626 1991 697 2066 θ’,
731 1994 831 2058 ’ὑπ’
863 1994 1044 2073 αὐγᾶς
1065 1994 1279 2058 τούσδε
1305 1993 1677 2058 λεύσσουσαι
1705 1992 1988 2061 πέπλους·

417 2083 599 2145 ἄλλαι
629 2081 693 2144 δὲ
724 2078 954 2158 κάμακα
984 2080 1249 2164 Θρῃκίαν
1288 2080 1577 2158 θεώμεναι

417 2166 642 2247 γυμνόν
668 2163 725 2244 μ’
763 2166 979 2243 ἔθηκαν
1009 2165 1292 2247 διπτύχου
1325 2165 1745 2245 στολίσματος.

415 2254 555 2316 ὅσαι
586 2254 650 2315 δὲ
678 2249 918 2316 τοκάδες
947 2251 1120 2330 ἦσαν,
1154 2252 1622 2331 ἐκπαγλούμεναι

416 2335 569 2400 τέκν’
604 2338 668 2402 ἐν
695 2342 896 2417 χεροῖν
925 2336 1208 2407 ἔπαλλον,
1245 2335 1324 2399 ὦς
1350 2337 1557 2413 πρόσω
1585 2332 1805 2412 πατρὸς

419 2420 705 2503 γένοιντο,
739 2424 1045 2500 διαδοχαῖς
1074 2420 1432 2498 ἆμείβουσαι
1461 2421 1673 2498 χερῶν.

422 2503 548 2586 κᾷτ’
578 2506 640 2565 ἐκ
669 2508 944 2585 γαληνῶν
972 2509 1095 2569 πῶς
1122 2508 1314 2566 δοκεῖς
1341 2498 1861 2579 προσφθεγμάτων

421 2588 590 2653 εὐθὺς
619 2592 923 2666 λαβοῦσαι
954 2586 1219 2668 φάσγαν’
1255 2589 1318 2649 ἐκ
1348 2583 1592 2647 πέπλων
1620 2585 1803 2649 ποθὲν

421 2678 690 2738 κεντοῦσι
719 2676 947 2744 παῖδας,
982 2675 1044 2735 αἱ
1072 2675 1137 2734 δὲ
1164 2670 1463 2748 πολεμίων
1492 2669 1658 2746 δίκην

421 2757 869 2839 ξυναρπάσασαι
899 2759 1000 2822 τὰς
1031 2758 1171 2835 ἐμὰς
1201 2755 1365 2836 εἶχον
1393 2753 1572 2837 χέρας

421 2843 517 2909 καὶ
546 2849 728 2907 κῶλα·
772 2842 941 2906 παισὶ
972 2844 1024 2903 δ’
1058 2838 1300 2922 ἀρκέσαι
1328 2839 1561 2926 χρῄζων
1590 2841 1769 2919 ἐμοῖς,

423 2935 475 2995 εἷ
498 2931 608 3009 μὲν
637 2929 957 3009 πρόσωπον
987 2926 1363 3003 ἐξανισταίην
1394 2926 1552 3004 ἐμὸν,

422 3016 602 3093 κόμης
633 3017 923 3093 κατεῖχον,
960 3016 1013 3076 εἷ
1042 3014 1106 3074 δὲ
1137 3011 1359 3088 κινοίην
1387 3010 1582 3091 χέρας,

418 3097 633 3176 πλήθει
662 3102 951 3179 γυναικῶν
980 3098 1148 3160 οὐδὲν
1175 3097 1355 3173 ἤνυον
1381 3095 1591 3159 τάλας.

378 3250 389 3261 ,
419 3186 488 3248 τὸ
514 3185 788 3248 λοίσθιον
809 3187 890 3255 δὲ,
923 3187 1089 3263 πῆμα
1116 3180 1381 3260 πήματος
1409 3178 1612 3255 πλέον,

421 3268 842 3351 ἐξειργάσαντο
873 3271 1014 3334 δείν’
1025 3292 1040 3309 ·
1087 3269 1242 3346 ἐμῶν
1272 3269 1383 3347 γᾶρ
1405 3265 1709 3347 ὀμμάτων,

420 3358 650 3437 πόρπας
677 3361 998 3433 λαβοῦσαι,
1032 3356 1135 3418 τὰς
1164 3353 1571 3432 ταλαιπώρους
1601 3347 1774 3426 κόρας

422 3446 745 3511 κεντοῦσιν,
778 3438 1197 3518 αἱμάσσουσιν·
1247 3437 1350 3500 εἶτ’
1384 3437 1495 3498 dv&
1524 3432 1739 3513 στέγας

423 3524 680 3606 φυγάδες
710 3527 963 3604 ἔβησαν·
1012 3526 1075 3588 ἐκ
1105 3524 1170 3587 δὲ
1199 3520 1467 3599 πηδήσας
1498 3520 1615 3600 ἐγὼ

422 3609 532 3689 θὴρ
562 3610 638 3676 ὣς
669 3610 856 3673 διώκω
891 3613 996 3675 τὰς
1022 3609 1375 3688 μιαιφόνους
1406 3604 1597 3682 κύνας,

2096 816 2231 866 1140

2094 1239 2227 1289 1145

2095 1665 2234 1717 1150

2099 2089 2231 2140 1155

2099 2510 2236 2562 1160

2100 2930 2232 2984 1165

2100 3352 2245 3412 1470
